2962 4808
569 348 770 448 23⁷.-.

89 539 250 623 conspicua
270 538 323 616 sit3
341 537 438 622 potuit
452 549 548 603 antem
563 558 627 604 non
644 538 743 604 miuus
759 538 846 604 etiam
861 537 963 604 lunare
977 554 1089 602 numen
1104 555 1140 597 oo
1154 534 1256 598 nomi·

89 663 127 708 no
145 643 298 727 appellari,
327 645 492 726 limatoque
513 644 634 721 Perseo,
651 643 740 708 solari
759 641 888 716 numini,
908 641 1062 714 tilianam,
1081 641 1184 703 nartem
1205 660 1255 703 ra·

91 749 179 823 tione,
199 766 256 830 qua
271 747 357 810 etium
372 747 485 810 Lunam
501 746 596 830 ipsam
612 748 690 812 Solis
706 747 793 811 liliam
808 767 824 809 a
841 746 989 809 nonnullis
1004 745 1113 808 dietam
1128 763 1196 807 osse
1210 743 1255 806 ri·

89 851 213 914 «lomus⁰
222 854 261 930 ⁰).
288 851 325 914 Et
339 853 374 914 ad
390 851 488 915 lunam
503 854 604 936 potius
617 872 705 937 quam
717 854 754 916 all
767 851 859 916 solem
871 851 998 915 lleeatan
1010 849 1157 932 purtinore
1167 848 1256 929 plant·-

90 955 278 1018 mauilestum
298 965 352 1018 est
385 955 498 1018 Lunam
519 957 613 1040 ipsam
634 958 730 1021 dicere
750 957 857 1031 nolim,
881 955 1120 1039 quandoquidem
1139 961 1255 1014 eertum

90 1068 144 1133 est,
159 1059 195 1120 ale
211 1057 293 1121 omni
308 1059 367 1123 lroc
379 1077 485 1141 penore
500 1061 668 1126 caelestium
684 1079 845 1143 corporum
860 1079 924 1123 eam
941 1059 1033 1123 luisse
1044 1070 1172 1122 tutorum
1186 1055 1255 1137 opi-

90 1161 224 1238 nionem,
241 1171 274 1225 ut
290 1180 350 1225 non
367 1172 426 1226 tam
441 1163 487 1227 alei
499 1163 556 1246 ipsi
572 1185 640 1228 esse
654 1165 835 1238 riderentur,
850 1183 938 1247 quum
954 1163 1061 1237 lisina,
1075 1163 1193 1225 locust
1207 1159 1255 1222 ‹li-

90 1265 156 1328 vino
177 1267 304 1346 quodam
323 1265 429 1348 spiritu
448 1274 530 1331 triola
544 1269 727 1350 deorumque
742 1267 854 1331 naturis
870 1266 1015 1348 piarentur,
1035 1284 1108 1347 quas
1124 1274 1257 1338 naturas,

90 1369 340 1450 quomadmodum
360 1370 538 1451 supradixi,
560 1389 615 1451 pro
630 1369 766 1433 varietate¹
781 1369 824 1432 vel
841 1371 1016 1442 formarunt,
1031 1387 1104 1451 qum
1120 1367 1255 1439 induem,

90 1472 133 1535 rol
148 1489 262 1545 rerum,
279 1491 352 1554 quas
367 1473 481 1534 allicere
496 1471 677 1548 violarentur,
692 1471 779 1535 variis
796 1470 968 1535 nominibus
983 1469 1166 1554 appellabant
1180 1482 1209 1533 et
1223 1471 1255 1533 in

90 1574 182 1639 uarias
202 1575 325 1639 deorum
341 1594 499 1657 personas,
515 1575 561 1640 alii
576 1576 671 1648 aliter,
682 1573 902 1657 disparebant,
918 1575 955 1637 itu
972 1584 1083 1648 tamon,
1098 1583 1130 1637 ut
1145 1574 1254 1636 nullam

90 1680 193 1741 laurum
213 1697 274 1741 non
290 1679 417 1741 humana
432 1680 546 1759 specio,
565 1677 643 1740 siout
657 1685 771 1739 eeteros
786 1677 874 1751 deos,
896 1677 1057 1758 praeditam
1071 1697 1138 1740 osse
1152 1677 1256 1740 crealo-

91 1789 165 1844 rrut.
181 1781 279 1843 -Du
297 1781 446 1843 uonnulrio
463 1781 585 1844 lleoates
600 1797 667 1842 sum
683 1778 773 1840 Aeeta
788 1778 884 1859 «loque
898 1777 997 1841 liboris
1013 1777 1081 1841 ltine
1095 1780 1257 1862 procreatis

91 1882 209 1964 longius
230 1883 372 1965 disputari
393 1902 474 1948 rrrtnu
492 1883 564 1945 nillil
582 1881 693 1945 attinet.
724 1880 768 1944 Ab
788 1880 1037 1945 insinuarem
1058 1886 1163 1947 lemae
1184 1903 1259 1946 uuor

90 1986 176 2049 riatur
190 1985 285 2068 Idyia,
305 1986 411 2048 Oceani
433 1987 505 2060 lilia,
524 2005 640 2069 unaque
655 2005 689 2047 ex
705 1985 763 2046 lroc
779 1983 969 2048 matrimonio
985 1985 1043 2049 lilia
1058 1987 1167 2050 limina.
1198 1987 1257 2049 lla·

90 2108 157 2152 nnn
183 2088 305 2152 nomina
327 2089 363 2152 ad
384 2090 611 2152 medicaminum
632 2088 767 2169 peritiam
788 2098 927 2169 artesque
946 2092 1089 2152 verulinus
1110 2091 1258 2173 penitiore
1276 2106 1313 2158 27

90 2192 239 2266 videntur,
254 2211 328 2273 quau
344 2209 406 2253 non
423 2192 487 2254 sino
502 2192 586 2254 lunno
600 2189 706 2254 auxilio
722 2189 822 2271 portici
839 2200 949 2254 soteres
965 2193 1135 2266 credebant,
1151 2213 1257 2275 quiam·

91 2294 192 2357 obrem
209 2303 330 2376 utraque
346 2311 472 2375 prersona
487 2293 574 2355 lunae
589 2301 750 2374 protestatos
766 2290 923 2372 siburilicari
939 2293 1089 2356 ‹licomusi
1099 2297 1139 2371 ¹).
1169 2295 1257 2374 nogi-

91 2398 196 2471 aloum,
211 2397 261 2478 qui
275 2417 291 2459 a
304 2398 450 2479 pinnisque
461 2396 605 2477 Absyrtus
616 2394 731 2466 (licitur,
747 2394 881 2456 hocloco
894 2395 1034 2458 intactum
1048 2397 1259 2478 praotonnittm

92 2521 183 2584 quum
203 2500 373 2583 praesertim
389 2499 465 2561 nulla
481 2498 544 2561 eius
559 2497 637 2580 apud
653 2496 815 2560 llesiorlum
832 2497 942 2559 montio
958 2499 1006 2561 sit
1031 2498 1132 2562 Cinnae
1147 2518 1259 2563 noiuon

80 2627 110 2667 n
126 2604 258 2667 circulari
274 2620 363 2664 cursu
380 2601 552 2683 impositum
569 2609 631 2663 est:
653 2609 786 2662 oraturam
802 2599 866 2661 eius
881 2599 1182 2685 signittcniononquo
1197 2603 1259 2666 ile·

93 2708 164 2768 ‹luao
182 2705 306 2767 similem
329 2703 442 2766 salsulae
462 2703 675 2765 demonstrant
705 2702 787 2766 ilaue
802 2703 950 2766 liesioalus
970 2724 995 2766 r.
1007 2705 1070 2766 057
1093 2725 1153 2769 non
1170 2706 1258 2768 saliam

92 2809 197 2870 Aeetae
216 2807 268 2868 sed
284 2824 421 2867 sororem
437 2805 513 2878 lacit,
530 2804 652 2867 {locatae
666 2818 774 2878 autem,
791 2825 866 2887 quae
880 2807 956 2887 apuli
973 2827 1041 2869 eum
1057 2808 1143 2889 plano
1155 2808 1191 2870 ab
1204 2809 1261 2870 liae

95 2910 172 2974 Solis
184 2907 289 2971 lamilia
304 2914 438 2988 separata
454 2915 509 2980 ost,
522 2925 615 2986 nequo
631 2908 734 2970 tratres
749 2917 799 2970 aut
813 2927 931 2972 sorores
947 2928 1041 2991 nomm
1056 2910 1214 2991 coniugem
1230 2920 1260 2972 ot
1340 2913 1346 2925 ’

93 3014 201 3075 liberos
226 3012 289 3084 dat,
315 3011 369 3073 sual
395 3009 572 3090 unigenitam
598 3009 687 3072 uoltis
707 3012 848 3092 proponit
868 3023 896 3074 ot
917 3013 1084 3094 innuptam:
1111 3013 1262 3094 sapienter
1325 3048 1333 3064 ·

92 3126 261 3197 utrumque,
278 3123 307 3176 et
321 3114 356 3175 all
374 3134 437 3177 eam
454 3113 523 3176 aleae
539 3113 597 3175 vim
612 3133 647 3176 ac
661 3124 806 3190 naturam,
821 3136 909 3198 optram
925 3115 955 3177 in
971 3117 1129 3197 theogonia
1144 3117 1260 3181 ‹leseri-

92 3228 173 3300 ptam
193 3218 342 3290 sidonius,
364 3236 488 3298 promus
509 3219 740 3281 accommodato.
771 3220 846 3283 tt'am
866 3240 939 3302 quae
959 3219 1016 3282 rim
1037 3221 1159 3284 liaberet
1173 3223 1261 3302 plano

93 3321 272 3404 singularem
287 3330 400 3384 etcum
416 3322 496 3385 nullu
511 3322 567 3384 alio
584 3322 640 3384 deo
655 3325 901 3405 corrrparandam‚
917 3324 944 3386 ei
956 3326 1060 3387 tratres
1075 3335 1125 3389 aut
1140 3345 1262 3389 sorores

94 3426 156 3488 olari
180 3444 241 3488 non
267 3425 472 3487 conveniebat:
498 3435 528 3486 ut
546 3444 621 3506 quae
641 3425 774 3488 omnium
795 3428 918 3490 deorum
939 3428 1064 3491 adiutrix
1084 3438 1113 3490 et
1133 3447 1263 3490 eorrsors

95 3538 184 3604 esset,
200 3529 275 3591 hanc
289 3528 358 3591 nulli
375 3546 477 3590 eorum
494 3528 545 3590 uui
562 3547 685 3592 uxorum
701 3529 763 3592 dari
780 3531 915 3611 potuisse
930 3530 1119 3594 manifestum
1135 3541 1191 3593 est.

180 3631 246 3695 Non
266 3633 365 3695 minus
384 3643 480 3695 autem
502 3633 561 3696 hoc
579 3651 698 3715 ‹puoque
719 3633 905 3698 manifestum
926 3654 993 3697 esse
1011 3634 1153 3707 arbitror,
1176 3635 1263 3725 talem

163 3838 204 3903 fill)
225 3837 310 3908 Eurip.
327 3838 420 3891 Pioan.
439 3855 463 3891 v.
477 3839 537 3891 ttm
555 3828 577 3891 ui
593 3835 789 3910 λιπαροζώνου
812 3837 936 3912 ntiynrsp
948 3837 1041 3897 Ἁλίου
1058 3842 1214 3896 zelamus
1233 3842 1265 3892 nt

95 3944 167 3996 quam
185 3927 266 3978 lorum
284 3927 434 3979 scholiastes
447 3928 522 3980 etium
534 3926 565 3977 ab
577 3925 705 3996 Aeschylo
719 3927 813 3981 Lunam
826 3929 895 3983 Solis
907 3929 984 3983 liliam
996 3930 1089 3982 &eun
1100 3945 1158 3982 esse
1172 3945 1267 3981 mna·

96 4021 144 4066 rat
169 4013 206 4066 (ll.
219 4014 299 4065 schol.
312 4014 384 4064 linat
398 4028 422 4063 v.
433 4012 492 4064 155.

163 4100 206 4164 ot)
227 4101 264 4152 nu
278 4101 360 4151 lunam
374 4098 501 4167 pertinent
512 4097 589 4149 etiam
601 4099 751 4167 Chalciopen
764 4108 791 4152 et
803 4100 939 4169 loplroma
951 4102 1060 4168 uomina,
1073 4119 1136 4171 quas
1149 4103 1264 4154 nonnulli

97 4186 192 4238 Aeetae
205 4186 271 4237 nlius
287 4187 415 4238 dixerunt
439 4183 681 4252 mansionilem.
695 4184 724 4249 il,
740 4185 957 4239 malumminat
971 4187 1007 4253 11,
1022 4189 1089 4241 112³
1102 4190 1149 4252 (ex
1163 4188 1266 4241 ttesiott

96 4269 185 4336 lineis)
199 4280 227 4324 et
237 4273 268 4323 ml
285 4272 363 4337 llll),
376 4271 417 4323 ulli
431 4269 496 4322 laiso
506 4264 646 4340 ’Ouranion
658 4285 704 4338 pro
714 4263 858 4343 Ἰοφῶσσα
870 4273 1053 4340 scriptumest.
1075 4274 1115 4327 Cl'.
1130 4283 1158 4327 et
1170 4274 1265 4327 unane.

95 4354 163 4408 vion
176 4355 251 4424 pto.
