2962 4808
585 379 648 443 245

31 567 116 630 delati
136 583 198 629 non
218 565 367 630 absimiles
387 567 532 649 quosdam
546 569 736 651 antiquorum
751 568 868 632 illorum
883 568 957 631 deos
972 566 1011 630 ibi
1027 565 1083 630 coli
1098 586 1115 630 a
1129 567 1199 632 har·

33 670 110 732 liaris
126 669 273 744 viderunt,
288 670 367 733 unde
382 671 443 733 heri
458 689 519 732 non
535 671 641 753 potuit,
657 674 728 753 quin
745 690 852 752 magna
867 670 1042 752 religionum
1058 669 1198 733 conlusio

33 770 253 854 tabularumque
279 773 399 837 uarietas
426 784 595 838 nasceretur
619 774 698 857 apud
721 773 859 837 ironiines
885 774 921 836 ad
942 772 1148 855 permiscenda
1169 780 1199 834 et

33 875 213 940 concilianda
234 896 287 940 sua
304 897 370 940 oum
386 878 486 941 alienis
502 877 620 960 ingenio
635 887 665 941 et
679 887 780 940 natura
795 877 1048 959 promptissimos.
1079 876 1129 938 Sic
1143 875 1198 956 igi-

34 988 81 1040 tur
96 978 193 1041 omnis
210 979 255 1041 ilia
272 979 350 1042 Solis
366 980 471 1043 familia
486 981 514 1043 in
531 979 653 1044 istas'ad
669 981 799 1044 Pontum
815 989 907 1043 terras
923 980 1076 1053 translata,
1091 978 1198 1041 llecate

34 1091 130 1143 autem
147 1100 214 1144 eum
227 1081 349 1145 Taurica
361 1082 414 1146 dea
430 1084 553 1146 contusa
564 1094 620 1159 est,
635 1104 723 1168 quarn
734 1085 881 1167 plerisque
892 1084 1013 1147 lhanam
1024 1083 1117 1144 risam
1128 1102 1198 1144 esse

30 1192 155 1246 constat.
186 1184 360 1266 Praginatici
381 1204 449 1248 rero
469 1184 606 1250 t'ahularis
625 1188 765 1250 historiae
784 1198 984 1260 enarratores,
1005 1205 1113 1249 ourrres
1128 1186 1198 1248 ilios

29 1287 103 1348 deos
127 1305 159 1348 re
179 1307 245 1350 reru
266 1288 403 1351 lromines
424 1288 516 1351 hrlsse
535 1290 602 1363 rati,
628 1289 752 1351 lieeaten
773 1309 808 1350 ex
829 1289 952 1351 Taurica
973 1289 1026 1350 dea
1047 1287 1197 1349 cultricem

30 1388 100 1451 deae
114 1397 164 1451 aut
179 1390 361 1452 sacerdotem
378 1391 517 1453 lecerunt
530 1425 572 1436 ·-
585 1389 688 1453 Veram
701 1401 798 1453 autem
810 1399 839 1452 et
854 1389 1012 1470 genuinam
1029 1390 1134 1452 harum
1151 1391 1195 1451 la·

29 1489 163 1553 bulanrm
175 1491 331 1564 rationem,
347 1492 440 1572 qualis
453 1491 489 1555 ab
502 1492 584 1555 initio
597 1492 693 1565 luerit,
710 1499 882 1574 quaerentes
894 1493 994 1569 tegere
1009 1508 1071 1553 nou
1087 1500 1196 1573 potest,

29 1592 168 1656 omnihus
184 1594 233 1657 his
248 1593 420 1657 nominibus
436 1594 507 1657 nihil
522 1594 599 1658 aliud
615 1593 785 1674 significari,
800 1612 888 1675 quam
905 1592 1071 1656 caelestium
1087 1613 1197 1675 roquo-

28 1717 94 1759 rum
110 1696 242 1771 numina,
255 1698 313 1760 hoc
328 1707 374 1759 est
387 1697 445 1759 vim
462 1698 608 1778 quandam
623 1707 653 1758 et
666 1705 801 1760 naturam
817 1695 943 1758 divinam
960 1696 989 1758 in
1005 1697 1068 1759 solo
1083 1717 1118 1759 ac
1128 1698 1197 1760 luna

29 1799 155 1860 riraxime
175 1799 380 1879 conspicuam,
400 1808 430 1859 et
444 1818 499 1879 piro
514 1799 651 1862 uarietate
666 1801 842 1870 turmarum,
859 1817 933 1879 quas
949 1798 1073 1872 subiret,
1089 1799 1133 1861 rel
1148 1819 1196 1862 re-

29 1920 110 1976 rum,
131 1920 204 1983 quas
225 1904 367 1976 efficeret,
388 1900 474 1964 variis
494 1901 581 1964 etiam
602 1899 774 1964 nominihus
798 1900 970 1981 appellatam
991 1909 1021 1963 et
1034 1919 1089 1983 per
1103 1901 1197 1965 varias

29 2004 112 2086 quasi
130 2024 274 2086 personas
295 2006 418 2067 deorum
440 2004 636 2067 distributum.
665 2002 708 2065 hc
727 2003 762 2065 de
777 2002 867 2065 l‘erse
881 2003 1001 2084 quidem
1016 2024 1108 2087 supra
1122 2005 1198 2068 dixi·

31 2126 113 2170 mus:
136 2108 186 2188 qui
203 2109 283 2189 quod
299 2108 329 2170 in
345 2108 400 2170 hac
414 2107 510 2170 sabula
526 2125 587 2170 uon
603 2106 661 2169 Crii
676 2116 704 2168 et
719 2105 869 2187 Eusebiae,
885 2115 917 2168 ut
931 2107 1010 2187 apud
1026 2107 1199 2182 Hesiodum,

31 2211 83 2273 sed
99 2210 177 2273 Solis
198 2211 275 2274 lilius
290 2232 356 2274 esse
372 2211 492 2285 elicitur,
507 2212 579 2274 haec
594 2210 789 2291 discrepantia
805 2211 1032 2293 haudquaquam
1047 2213 1196 2277 eiusmodi

29 2322 89 2387 est,
116 2332 190 2395 quae
212 2315 299 2377 etiam
320 2325 441 2378 naturae
462 2335 497 2377 ac
518 2313 740 2395 significationis
759 2313 954 2377 diversitatem
974 2325 1085 2396 arguat
1119 2317 1197 2380 h'ihil

31 2415 110 2478 euim
136 2418 317 2498 frequentius
342 2417 405 2480 lieri
425 2418 575 2491 ridemus,
603 2436 690 2498 quam
708 2426 739 2479 ut
758 2417 799 2478 eis
819 2417 905 2479 etiam
926 2417 1032 2480 «lirinis
1052 2419 1198 2501 personis,

30 2539 105 2601 «quae
115 2537 205 2583 unam
217 2521 399 2603 eandemque
410 2521 655 2601 significationem
667 2528 717 2581 aut
728 2517 847 2581 nomine
856 2519 978 2582 autaliis
987 2521 1075 2583 certis
1084 2520 1200 2583 indiciis

31 2642 102 2704 prae
117 2643 149 2686 se
165 2625 271 2696 terant,
288 2635 372 2687 ortus
387 2633 485 2687 tamur
500 2623 574 2686 alius
588 2622 668 2705 apud
683 2621 756 2684 alios
772 2620 925 2694 tribuatur,
939 2631 1030 2702 utque
1045 2623 1082 2684 de
1097 2642 1200 2685 aarum
1260 2615 1261 2618 '

30 2727 73 2788 rel
93 2746 166 2789 sexu
181 2728 224 2790 vel
244 2726 388 2805 coniugiis
409 2727 451 2789 rel
473 2726 572 2789 liberis
592 2724 636 2787 sel
656 2723 846 2786 affinitatibus
862 2743 966 2804 magna
983 2725 1022 2786 sit
1037 2724 1200 2787 lahidarum

31 2829 164 2892 uarietas.
196 2830 297 2908 Neque
317 2829 345 2891 id
367 2828 504 2908 cuiquam
526 2828 635 2891 uilium
656 2825 746 2888 rideri
766 2827 887 2907 poterit,
907 2827 957 2908 qui
973 2828 1027 2890 has
1042 2827 1201 2910 opiniones

31 2941 61 2993 ot
79 2934 218 3013 figmenta
234 2950 294 2993 non
311 2931 398 2993 unius
413 2930 545 2993 hernicis
561 2930 679 3012 ingenio
696 2929 856 3009 excogitata
872 2948 968 3012 neque
982 2941 1060 2994 certa
1076 2932 1201 3014 quadam

31 3034 200 3116 disciplinae
220 3032 344 3121 formula
364 3035 581 3116 comprehensa
603 3034 693 3096 luisse
714 3045 843 3114 reputet,
863 3036 915 3098 sed
936 3055 952 3098 a
973 3036 1073 3098 multis
1089 3035 1201 3116 passim

33 3146 96 3198 orta
112 3154 287 3217 summaque
302 3155 421 3218 semper
435 3156 502 3200 cum
518 3137 650 3199 libertate
665 3147 794 3201 tractata.
824 3140 920 3219 Atque
935 3138 1005 3200 hino
1019 3139 1105 3200 etiam
1122 3136 1201 3199 aliud

32 3237 102 3318 quid
128 3248 344 3319 consequntum
370 3248 427 3313 est,
452 3239 481 3300 iu
507 3238 712 3319 mythologicis
739 3240 962 3320 quaestiouibus
984 3257 1201 3320 saepenumero

32 3339 334 3404 animadvertendum.
365 3341 438 3402 Nam
455 3360 546 3420 equum
562 3340 722 3402 existerent
736 3342 915 3422 procedente
929 3351 1073 3424 tempore,
1089 3341 1139 3422 qui
1151 3361 1202 3403 ra·

32 3443 90 3506 rias
106 3442 167 3505 illas
182 3461 217 3503 ac
232 3441 406 3522 multiplices
423 3441 544 3514 fabulas,
561 3460 634 3522 quae
650 3442 758 3524 ubique
773 3444 945 3518 ferebantur,
961 3444 1096 3523 colligere
1111 3453 1141 3503 et
1152 3461 1201 3505 ra·

33 3546 112 3608 tione
130 3545 256 3626 quadam
276 3554 304 3607 et
319 3545 441 3607 consilio
458 3545 531 3607 inter
546 3565 578 3606 se
593 3563 774 3625 componere
789 3555 981 3620 conarentur,
1001 3545 1031 3608 id
1047 3544 1128 3626 quod
1143 3564 1202 3607 no·

33 3661 111 3712 strae
125 3648 298 3730 theogoniae
313 3648 545 3728 compositorem
563 3646 666 3711 secisse
682 3647 871 3709 uraniiestum
886 3657 947 3723 est,
963 3666 1025 3711 non
1040 3666 1108 3710 raro
1123 3646 1202 3709 arei·

34 3752 103 3815 dere
117 3770 239 3815 neeesse
254 3760 328 3824 erat,
343 3760 376 3812 ut
391 3751 490 3833 plures
506 3749 593 3812 unius
609 3750 831 3830 significationis
846 3770 993 3834 personae
1008 3753 1044 3815 iis
1060 3771 1202 3816 occurre·

32 3864 99 3918 rent
118 3873 185 3917 cum
205 3854 299 3935 aliqua
318 3851 373 3914 leri
393 3855 555 3915 termarum
575 3863 626 3914 aut
645 3853 809 3916 lahuiaruui
830 3854 981 3931 uarietate,
1007 3874 1083 3937 quae
1102 3863 1202 3918 tamen

33 3956 142 4038 pariter
166 3973 272 4019 omnes
295 3955 393 4016 locum
420 3952 476 4014 sihi
497 3955 526 4014 in
548 3952 592 4014 iila
614 3955 831 4036 compositione
851 3957 1002 4037 poruulare
1020 3957 1202 4020 viderentur.

34 4058 85 4120 Sic
103 4057 231 4121 dubitari
245 4074 307 4119 non
323 4064 434 4137 potest,
454 4054 524 4135 quin
545 4054 648 4116 eadem
668 4064 786 4129 natura,
806 4076 880 4138 quae
895 4057 1003 4120 l‘erses
1017 4058 1055 4121 ah
1070 4058 1202 4121 llesiodo

32 4169 168 4234 vocatur,
188 4159 345 4240 Criumque
365 4165 395 4219 et
408 4154 567 4238 requiam
587 4167 724 4237 parentes
740 4157 841 4232 hahet,
861 4159 968 4222 iterum
984 4161 1062 4242 spond
1074 4161 1202 4223 eundem

34 4259 157 4339 prodeat
171 4259 228 4323 suh
243 4259 398 4324 Perseidos
413 4274 557 4338 persona,
576 4275 650 4337 quac
665 4255 772 4320 Oceani
787 4260 845 4322 sdia
859 4280 927 4323 esso
940 4271 970 4324 et
984 4261 1046 4323 Soli
1061 4262 1202 4343 nupsisse

33 4358 140 4424 dicitur
163 4380 190 4424 v.
208 4361 281 4424 956.
315 4360 389 4422 Nam
410 4358 509 4423 Crium
535 4357 655 4439 quoque
674 4366 704 4421 ot
723 4359 881 4442 Eur-phium
900 4362 936 4424 ad
957 4361 1201 4426 mansuetorum
