2962 4808
722 610 781 676 178

169 799 240 865 alias
251 797 288 862 ah
301 796 381 861 iratis
392 797 564 862 numinibus
577 797 727 863 immissas
740 799 775 863 ad
787 799 944 881 exigendas
956 802 1116 886 impiorum
1129 825 1251 890 poenas,
1263 809 1332 874 alias

168 903 293 986 deinque
309 921 362 966 sua
376 912 484 986 spemn
498 903 534 966 ad
550 904 718 968 bocemlum
733 914 863 987 paratas:
883 924 918 969 cx
940 927 999 990 qam
1014 927 1120 991 genere
1136 911 1202 993 quis
1217 912 1334 996 ignorat

167 1017 218 1071 aut
236 1006 393 1071 draconem
413 1007 581 1072 Colchicum
602 1008 681 1073 aurei
701 1009 827 1087 velleris,
852 1010 1035 1095 alterumque
1058 1016 1136 1098 apud
1156 1016 1334 1099 Hesperides

167 1129 324 1174 rrureorum
346 1112 489 1174 medorum
510 1112 678 1188 custodem,
700 1123 750 1176 aut
764 1113 928 1196 Pythonem
950 1135 974 1179 s.
990 1117 1180 1200 Delphynen,
1200 1122 1249 1203 qui
1265 1122 1333 1186 'iel-

168 1212 239 1277 luris
255 1215 405 1296 quondam
421 1215 571 1279 oraculum
587 1215 738 1291 tuebatur,
758 1218 961 1282 amblardum
976 1217 1056 1282 illum
1073 1221 1163 1284 tontis
1178 1222 1333 1288 custodem

168 1318 319 1380 alhrdmo
345 1317 577 1402 intererrmtuml
606 1319 672 1403 egiris
695 1320 822 1402 aquilam
848 1320 1018 1385 Promethei
1043 1322 1125 1387 iocur
1148 1324 1334 1405 lacerantem,

168 1421 329 1504 Spbingem
345 1422 492 1486 Thebanis
508 1423 545 1486 ab
560 1423 668 1486 inleslo
683 1425 805 1488 nurnine
824 1424 1003 1503 inmissam,
1022 1445 1128 1510 aprum
1143 1427 1333 1513 Calydonium

168 1536 218 1588 aut
236 1526 358 1589 alterum
380 1527 618 1610 Erymanthium,
638 1537 687 1591 aut
702 1527 907 1592 Teumessiam
923 1530 1054 1612 vulpem,
1076 1542 1192 1595 taurum
1213 1535 1334 1598 Creten-

168 1649 234 1691 sem
248 1639 277 1693 et
290 1631 523 1707 Marathoniam,
538 1631 649 1713 aliaque
665 1631 811 1695 eiusmodi
827 1641 960 1696 monstra
975 1632 1111 1699 ultricia?
1128 1635 1194 1717 quis
1209 1637 1335 1720 denique

168 1731 343 1811 Edridnam,
363 1735 503 1817 Scyllam,
524 1734 645 1818 hydram
662 1735 838 1810 lernaeam,
858 1735 973 1801 iconem
989 1737 1188 1803 Nemeaeum?
1202 1775 1245 1788 -
1259 1741 1336 1806 Sunt

168 1847 266 1900 autem
281 1838 388 1902 barum
403 1840 481 1916 aliae,
497 1841 533 1903 de
547 1859 672 1923 quarum
688 1848 755 1901 ortu
770 1838 842 1901 nibil
858 1840 1018 1904 memoriae
1033 1841 1171 1907 traditum
1186 1853 1240 1921 est,
1255 1846 1335 1922 aliae,

171 1961 245 2023 qums
265 1951 340 2006 terra
361 1943 488 2006 edidisse
508 1941 625 2018 dieitur,
645 1942 730 2017 aliae,
750 1962 824 2024 quas
840 1941 1007 2007 rlirinorum
1027 1945 1183 2010 numinum
1203 1957 1336 2029 potestas

172 2044 293 2107 lirmisse
309 2045 434 2120 ridetur,
450 2045 520 2108 aliae.
536 2046 677 2127 denique,
697 2065 822 2127 quarum
838 2045 929 2127 stims
946 2048 983 2111 ab
998 2048 1071 2129 ipsis
1087 2049 1145 2112 diis
1160 2049 1336 2115 immortali·

171 2145 227 2212 hus
242 2148 406 2224 descendit,
426 2169 558 2232 quinoque
580 2159 703 2232 propter
720 2151 797 2213 hanc
815 2150 959 2232 originem
980 2162 1009 2214 et
1027 2151 1109 2233 ipsae
1128 2151 1211 2216 divae
1231 2154 1337 2219 dicun·

171 2261 221 2315 tur
232 2259 239 2297 ¹
252 2256 292 2331 ²).
322 2253 363 2315 Es
380 2253 437 2315 hoe
451 2271 557 2334 genero
571 2252 702 2316 dirarum
718 2253 880 2317 belluarum
895 2256 1006 2338 aliquot
1020 2254 1205 2335 insigniores,
1219 2267 1248 2320 et
1263 2278 1336 2340 qua-

134 2366 152 2419 a
172 2373 239 2418 rum
251 2354 375 2418 maxima
391 2356 421 2418 in
433 2356 538 2419 labuiis
554 2354 703 2418 celebritas
715 2355 777 2431 luit,
792 2358 880 2420 etiam
892 2358 1052 2422 llesiodeae
1067 2357 1240 2439 theogoniae
1252 2380 1336 2424 corn-

172 2457 287 2540 positor
303 2459 424 2522 cannini
442 2478 497 2522 suo
515 2458 686 2521 inserendas
698 2477 764 2521 esse
776 2458 924 2523 iudicarit:
952 2460 1096 2542 Pegasum
1108 2480 1216 2542 equum
1227 2509 1235 2536 ,
1247 2463 1336 2527 Echi-

172 2564 268 2637 duam,
282 2581 317 2624 er
333 2561 453 2625 ruuliere
467 2570 495 2625 el
507 2562 633 2625 dracone
646 2560 774 2636 mixtam,
789 2563 949 2626 Cerberum
961 2581 1064 2627 canem
1076 2563 1199 2646 eiusque
1210 2566 1336 2632 Ortbum

172 2669 298 2740 fratrem,
315 2666 437 2748 hydram
449 2666 618 2742 Lernaeam,
629 2664 822 2741 Chimaeram,
833 2668 1005 2749 Sphingem,
1021 2667 1136 2731 leonem
1149 2668 1336 2747 Nemeaemu,

171 2770 330 2834 draconem
359 2769 486 2851 «lienique
511 2770 656 2833 noeriorum
681 2789 838 2834 aureorum
863 2772 941 2853 apud
968 2771 1144 2853 Hesperides
1169 2776 1336 2838 custodem:

174 2873 275 2957 lisque
296 2873 436 2937 omnibus
456 2893 646 2937 communem
667 2873 810 2954 originem
831 2873 990 2954 assignarit
1003 2893 1021 2938 a
1035 2874 1122 2939 Ponti
1138 2876 1219 2954 liliis,
1238 2878 1337 2941 Pbor·

172 2998 243 3061 egne
257 2986 286 3041 el
296 2979 376 3052 Ceto,
391 2976 564 3041 numinibus
580 2976 712 3041 marinis.
738 2977 874 3041 Ceterum
890 2997 949 3060 iguo
965 2977 1089 3060 quisquc
1104 2980 1195 3060 gradu
1210 2981 1267 3044 bos
1283 3002 1336 3064 pa-

172 3093 268 3147 remos
288 3081 453 3161 contingat,
473 3100 508 3143 er
527 3081 615 3145 buius
636 3089 741 3163 peretae
755 3080 851 3144 verbis
872 3100 934 3144 non
955 3083 1027 3146 satis
1047 3081 1158 3164 liquido
1178 3085 1336 3165 cognosci·

172 3207 248 3250 ntus.
278 3186 353 3249 liam
369 3187 513 3266 Pegasum
530 3184 648 3266 quidem
663 3203 699 3246 ex
719 3182 776 3245 lilia
791 3203 895 3247 eorum
912 3185 1045 3261 Medusa,
1064 3187 1222 3250 draconem
1237 3198 1336 3252 autem

172 3289 366 3373 llesgreridum
391 3308 426 3350 ex
450 3288 523 3370 ipsis
548 3297 649 3350 natum
675 3307 742 3349 esse
762 3287 918 3363 docenium
942 3290 996 3351 sed
1017 3290 1053 3352 do
1072 3289 1204 3353 Echidna
1228 3291 1335 3371 ambigi

172 3403 285 3473 grotest,
302 3403 400 3456 utrum
416 3401 504 3472 poeta
519 3402 644 3454 nrmrem
659 3389 722 3452 eius
738 3388 823 3461 Ceto,
839 3400 954 3471 patrem
969 3390 1167 3472 Phorcynem,
1183 3411 1220 3454 an
1236 3393 1336 3474 potius

147 3496 151 3503 “
173 3506 296 3559 matrem
311 3494 503 3568 Callirrhoen,
524 3513 613 3557 unam
629 3513 663 3555 rer
680 3492 787 3554 Oceani
803 3492 931 3568 liliabus,
946 3505 1058 3574 patrem
1074 3503 1171 3557 autem
1187 3494 1334 3577 Chrysao-

174 3617 321 3661 comesse
345 3597 480 3671 voluerit,
507 3598 556 3679 qui
576 3596 681 3679 Pegasi
702 3598 790 3658 trater
809 3616 843 3658 ac
862 3595 987 3678 proinde
1006 3597 1169 3679 Phorcynis
1189 3597 1336 3680 Cetusque

173 3721 266 3785 nepos
282 3703 343 3766 luit
374 3702 423 3764 Sic
437 3701 524 3783 igitur
535 3702 622 3765 etiam
639 3700 675 3762 dc
689 3699 788 3762 liberis
799 3699 959 3773 Echidnae,
974 3699 1110 3776 Cerbero,
1125 3700 1230 3777 Ortbo,
1243 3698 1334 3783 bydr'a

174 3808 313 3881 Lernaea,
335 3807 495 3869 obscurum
511 3815 569 3878 est,
589 3804 713 3868 tertione
733 3822 771 3867 an
791 3811 896 3885 quarto
912 3804 1003 3886 gradu
1024 3805 1060 3868 ab
1076 3803 1131 3867 illis
1146 3804 1333 3870 descendant

174 3908 233 3973 b'ec
253 3910 289 3972 dc
310 3909 460 3974 Chimaera
481 3908 553 3971 satis
572 3908 676 3989 liquet,
696 3907 847 3988 ilydraene
866 3926 904 3969 aa
919 3907 1068 3971 Echidnae
1087 3908 1159 3983 sdia,
1179 3910 1333 3991 proneptis

174 4011 260 4093 igitur
277 4013 391 4076 illorum
411 4031 448 4074 au
468 4012 564 4093 neptis
584 4011 716 4074 habenda
736 4011 788 4073 sit:
813 4009 1002 4093 similiterque
1021 4009 1135 4091 Sphinx
1161 4021 1190 4074 et
1208 4011 1255 4075 leo
1276 4010 1335 4076 Ne·

174 4132 290 4177 meaeus
306 4136 340 4177 ex
355 4125 458 4197 poetae
477 4113 571 4200 verbis
586 4115 630 4177 vel
644 4113 792 4177 Echidnae
807 4112 850 4176 rel
865 4111 1035 4177 Chimaerae
1050 4112 1094 4176 rel
1113 4112 1203 4176 etiam
1218 4112 1333 4195 Hydrae

243 4385 283 4449 12)
296 4384 423 4436 Chirmeru
439 4387 520 4437 brier
536 4384 617 4453 γένος
632 4401 690 4437 eme
702 4386 830 4438 dicituril.
845 4385 891 4450 Vi,
907 4384 966 4453 180,
981 4383 1092 4436 Echidna
1104 4385 1168 4450 θείη
1180 4384 1239 4437 lior.
1251 4387 1333 4454 doeg.

173 4486 198 4522 v.
209 4471 266 4521 loo.
294 4469 380 4536 Scylla
392 4470 441 4521 dih
453 4470 632 4521 inimortalibus
643 4479 794 4522 accensetur
805 4468 923 4534 uomit,
938 4469 994 4521 ll'l.
1010 4469 1069 4536 tra,
1086 4477 1113 4520 ct
1129 4469 1255 4538 harpyiae
1271 4471 1334 4525 deae

174 4563 233 4608 aaut
243 4553 330 4607 h'aler.
342 4553 425 4606 Placc.
438 4555 500 4619 Arg.
513 4553 560 4620 lV,
576 4555 635 4607 alo.
659 4555 770 4624 benique
786 4555 854 4608 aries
867 4549 1066 4625 χρυσόμαλλος
1077 4552 1220 4622 Neptunum
1237 4563 1335 4625 geben

172 4640 255 4707 hahet,
267 4647 371 4692 mtrcm
379 4637 554 4707 Theophanen.
579 4639 668 4708 llggin.
682 4639 700 4693 l'.
716 4641 772 4694 188.
796 4641 880 4694 Sebol.
893 4639 1011 4694 German.
1023 4654 1047 4708 a.
1058 4635 1101 4691 dd.
