<?xml version="1.0" encoding="UTF-8"?>
<!DOCTYPE html PUBLIC "-//W3C//DTD XHTML 1.0 Transitional//EN"
    "http://www.w3.org/TR/xhtml1/DTD/xhtml1-transitional.dtd">
<html xmlns="http://www.w3.org/1999/xhtml" xml:lang="en" lang="en">
 <head>
  <title>
</title>
<meta http-equiv="Content-Type" content="text/html;charset=utf-8" />
  <meta name='ocr-system' content='tesseract 3.04.00' />
  <meta name='ocr-capabilities' content='ocr_page ocr_carea ocr_par ocr_line ocrx_word'/>
</head>
<body>
  <div class='ocr_page' id='page_1' title='image "./opusculaacademi03schgoog_0078.png"; bbox 0 0 2962 4808; ppageno 0'>
   <div class='ocr_carea' id='block_1_1' title="bbox 771 355 813 422">
    <p class='ocr_par' dir='ltr' id='par_1_1' title="bbox 771 355 813 422">
     <span class='ocr_line' id='line_1_1' title="bbox 771 355 813 422; baseline -0.024 0"><span class='ocrx_word' id='word_1_1' title='bbox 771 355 813 422; x_wconf 79' lang='lat' dir='ltr'><strong>dl</strong></span> 
     </span>
    </p>
   </div>
   <div class='ocr_carea' id='block_1_2' title="bbox 677 443 878 455">
    <p class='ocr_par' dir='ltr' id='par_1_2' title="bbox 677 443 878 455">
     <span class='ocr_line' id='line_1_2' title="bbox 677 443 878 455; baseline 0.015 -3"><span class='ocrx_word' id='word_1_2' title='bbox 677 443 878 455; x_wconf 48' lang='lat' dir='ltr'><strong>ceo-o*-</strong></span> 
     </span>
    </p>
   </div>
   <div class='ocr_carea' id='block_1_3' title="bbox 197 540 1360 2169">
    <p class='ocr_par' dir='ltr' id='par_1_3' title="bbox 197 540 1360 2169">
     <span class='ocr_line' id='line_1_3' title="bbox 200 540 1359 628; baseline -0.002 -17"><span class='ocrx_word' id='word_1_3' title='bbox 200 547 407 620; x_wconf 84' lang='lat' dir='ltr'><strong>restiebantur,</strong></span> <span class='ocrx_word' id='word_1_4' title='bbox 427 544 480 606; x_wconf 91' lang='lat' dir='ltr'><strong>sed</strong></span> <span class='ocrx_word' id='word_1_5' title='bbox 505 540 627 623; x_wconf 88' lang='lat' dir='ltr'><strong>spiritus</strong></span> <span class='ocrx_word' id='word_1_6' title='bbox 648 541 708 619; x_wconf 91' lang='lat' dir='ltr'><strong>ille,</strong></span> <span class='ocrx_word' id='word_1_7' title='bbox 728 563 781 607; x_wconf 83' lang='lat' dir='ltr'><strong>seu</strong></span> <span class='ocrx_word' id='word_1_8' title='bbox 801 564 981 628; x_wconf 80' lang='lat' dir='ltr'><strong>quecunque</strong></span> <span class='ocrx_word' id='word_1_9' title='bbox 999 547 1120 610; x_wconf 89' lang='lat' dir='ltr'><strong>nomine</strong></span> <span class='ocrx_word' id='word_1_10' title='bbox 1139 556 1273 611; x_wconf 90' lang='lat' dir='ltr'><strong>naturam</strong></span> <span class='ocrx_word' id='word_1_11' title='bbox 1293 565 1359 609; x_wconf 85' lang='lat' dir='ltr'><strong>eam</strong></span> 
     </span>
     <span class='ocr_line' id='line_1_4' title="bbox 200 643 1360 730; baseline 0.001 -19"><span class='ocrx_word' id='word_1_12' title='bbox 200 646 401 718; x_wconf 73' lang='lat' dir='ltr'><strong>recare&#39;libet,</strong></span> <span class='ocrx_word' id='word_1_13' title='bbox 421 664 496 727; x_wconf 72' lang='lat' dir='ltr'><strong>«puae</strong></span> <span class='ocrx_word' id='word_1_14' title='bbox 515 643 657 725; x_wconf 83' lang='lat' dir='ltr'><strong>cuiusque</strong></span> <span class='ocrx_word' id='word_1_15' title='bbox 675 646 791 710; x_wconf 90' lang='lat' dir='ltr'><strong>numini</strong></span> <span class='ocrx_word' id='word_1_16' title='bbox 812 661 909 730; x_wconf 89' lang='lat' dir='ltr'><strong>paret,</strong></span> <span class='ocrx_word' id='word_1_17' title='bbox 929 669 1008 714; x_wconf 88' lang='lat' dir='ltr'><strong>uuus</strong></span> <span class='ocrx_word' id='word_1_18' title='bbox 1028 659 1057 714; x_wconf 89' lang='lat' dir='ltr'><strong>et</strong></span> <span class='ocrx_word' id='word_1_19' title='bbox 1075 652 1237 714; x_wconf 77' lang='lat' dir='ltr'>cohaerens</span> <span class='ocrx_word' id='word_1_20' title='bbox 1252 659 1316 713; x_wconf 90' lang='lat' dir='ltr'><strong>erat</strong></span> <span class='ocrx_word' id='word_1_21' title='bbox 1329 649 1360 712; x_wconf 91' lang='lat' dir='ltr'><strong>in</strong></span> 
     </span>
     <span class='ocr_line' id='line_1_5' title="bbox 200 747 1359 832; baseline 0 -15"><span class='ocrx_word' id='word_1_22' title='bbox 200 754 256 818; x_wconf 89' lang='lat' dir='ltr'><strong>dee</strong></span> <span class='ocrx_word' id='word_1_23' title='bbox 276 750 422 831; x_wconf 76' lang='lat' dir='ltr'><strong>rebusque</strong></span> <span class='ocrx_word' id='word_1_24' title='bbox 437 748 493 810; x_wconf 91' lang='lat' dir='ltr'><strong>deo</strong></span> <span class='ocrx_word' id='word_1_25' title='bbox 513 747 668 822; x_wconf 83' lang='lat' dir='ltr'><strong>subiectis,</strong></span> <span class='ocrx_word' id='word_1_26' title='bbox 689 749 872 832; x_wconf 75' lang='lat' dir='ltr'>principatus</span> <span class='ocrx_word' id='word_1_27' title='bbox 892 772 961 816; x_wconf 89' lang='lat' dir='ltr'><strong>vero</strong></span> <span class='ocrx_word' id='word_1_28' title='bbox 977 754 1040 815; x_wconf 88' lang='lat' dir='ltr'><strong>eius</strong></span> <span class='ocrx_word' id='word_1_29' title='bbox 1056 753 1086 817; x_wconf 93' lang='lat' dir='ltr'><strong>in</strong></span> <span class='ocrx_word' id='word_1_30' title='bbox 1102 755 1158 817; x_wconf 91' lang='lat' dir='ltr'><strong>deo</strong></span> <span class='ocrx_word' id='word_1_31' title='bbox 1174 763 1303 829; x_wconf 88' lang='lat' dir='ltr'><strong>tantum,</strong></span> <span class='ocrx_word' id='word_1_32' title='bbox 1322 754 1359 817; x_wconf 88' lang='lat' dir='ltr'><strong>ad</strong></span> 
     </span>
     <span class='ocr_line' id='line_1_6' title="bbox 198 850 1359 938; baseline -0.001 -19"><span class='ocrx_word' id='word_1_33' title='bbox 198 856 324 919; x_wconf 90' lang='lat' dir='ltr'><strong>eundem</strong></span> <span class='ocrx_word' id='word_1_34' title='bbox 344 853 483 925; x_wconf 89' lang='lat' dir='ltr'><strong>modum,</strong></span> <span class='ocrx_word' id='word_1_35' title='bbox 502 868 563 933; x_wconf 83' lang='lat' dir='ltr'><strong>quo</strong></span> <span class='ocrx_word' id='word_1_36' title='bbox 582 850 671 913; x_wconf 90' lang='lat' dir='ltr'><strong>animi</strong></span> <span class='ocrx_word' id='word_1_37' title='bbox 687 851 808 916; x_wconf 91' lang='lat' dir='ltr'><strong>humani</strong></span> <span class='ocrx_word' id='word_1_38' title='bbox 829 873 881 935; x_wconf 87' lang='lat' dir='ltr'><strong>per</strong></span> <span class='ocrx_word' id='word_1_39' title='bbox 896 874 1006 938; x_wconf 83' lang='lat' dir='ltr'><strong>corpus</strong></span> <span class='ocrx_word' id='word_1_40' title='bbox 1021 855 1117 919; x_wconf 85' lang='lat' dir='ltr'><strong>dillusi</strong></span> <span class='ocrx_word' id='word_1_41' title='bbox 1133 857 1314 938; x_wconf 79' lang='lat' dir='ltr'>principatus</span> <span class='ocrx_word' id='word_1_42' title='bbox 1330 856 1359 918; x_wconf 93' lang='lat' dir='ltr'><strong>in</strong></span> 
     </span>
     <span class='ocr_line' id='line_1_7' title="bbox 200 955 1360 1041; baseline 0 -19"><span class='ocrx_word' id='word_1_43' title='bbox 200 967 298 1022; x_wconf 89' lang='lat' dir='ltr'><strong>mente</strong></span> <span class='ocrx_word' id='word_1_44' title='bbox 318 965 347 1018; x_wconf 94' lang='lat' dir='ltr'><strong>et</strong></span> <span class='ocrx_word' id='word_1_45' title='bbox 365 955 459 1037; x_wconf 88' lang='lat' dir='ltr'><strong>capite</strong></span> <span class='ocrx_word' id='word_1_46' title='bbox 478 975 546 1017; x_wconf 89' lang='lat' dir='ltr'><strong>esse</strong></span> <span class='ocrx_word' id='word_1_47' title='bbox 565 955 693 1017; x_wconf 85' lang='lat' dir='ltr'><strong>ridetur:</strong></span> <span class='ocrx_word' id='word_1_48' title='bbox 713 958 920 1038; x_wconf 86' lang='lat' dir='ltr'><strong>quamebrem,</strong></span> <span class='ocrx_word' id='word_1_49' title='bbox 940 959 1082 1040; x_wconf 81' lang='lat' dir='ltr'><strong>qrcldquid</strong></span> <span class='ocrx_word' id='word_1_50' title='bbox 1103 959 1308 1041; x_wconf 84' lang='lat' dir='ltr'><strong>perspiritum</strong></span> <span class='ocrx_word' id='word_1_51' title='bbox 1325 959 1360 1022; x_wconf 92' lang='lat' dir='ltr'><strong>il·</strong></span> 
     </span>
     <span class='ocr_line' id='line_1_8' title="bbox 197 1059 1360 1143; baseline 0 -19"><span class='ocrx_word' id='word_1_52' title='bbox 197 1062 258 1124; x_wconf 91' lang='lat' dir='ltr'><strong>lum</strong></span> <span class='ocrx_word' id='word_1_53' title='bbox 274 1060 303 1122; x_wconf 91' lang='lat' dir='ltr'><strong>in</strong></span> <span class='ocrx_word' id='word_1_54' title='bbox 319 1077 494 1140; x_wconf 82' lang='lat' dir='ltr'><strong>quocunque</strong></span> <span class='ocrx_word' id='word_1_55' title='bbox 504 1076 603 1121; x_wconf 90' lang='lat' dir='ltr'><strong>rerum</strong></span> <span class='ocrx_word' id='word_1_56' title='bbox 616 1077 721 1137; x_wconf 89' lang='lat' dir='ltr'><strong>genere</strong></span> <span class='ocrx_word' id='word_1_57' title='bbox 733 1069 877 1141; x_wconf 73' lang='lat' dir='ltr'>ageretur,</span> <span class='ocrx_word' id='word_1_58' title='bbox 891 1059 919 1123; x_wconf 92' lang='lat' dir='ltr'><strong>id</strong></span> <span class='ocrx_word' id='word_1_59' title='bbox 932 1061 978 1123; x_wconf 91' lang='lat' dir='ltr'><strong>dei</strong></span> <span class='ocrx_word' id='word_1_60' title='bbox 989 1061 1062 1136; x_wconf 91' lang='lat' dir='ltr'><strong>eius,</strong></span> <span class='ocrx_word' id='word_1_61' title='bbox 1077 1062 1106 1124; x_wconf 92' lang='lat' dir='ltr'><strong>in</strong></span> <span class='ocrx_word' id='word_1_62' title='bbox 1118 1081 1177 1143; x_wconf 81' lang='lat' dir='ltr'><strong>qcru</strong></span> <span class='ocrx_word' id='word_1_63' title='bbox 1189 1062 1264 1125; x_wconf 88' lang='lat' dir='ltr'><strong>illius</strong></span> <span class='ocrx_word' id='word_1_64' title='bbox 1276 1061 1360 1142; x_wconf 87' lang='lat' dir='ltr'><strong>prin·</strong></span> 
     </span>
     <span class='ocr_line' id='line_1_9' title="bbox 199 1162 1360 1247; baseline 0.001 -19"><span class='ocrx_word' id='word_1_65' title='bbox 199 1166 311 1247; x_wconf 89' lang='lat' dir='ltr'><strong>cipatus</strong></span> <span class='ocrx_word' id='word_1_66' title='bbox 327 1171 420 1238; x_wconf 86' lang='lat' dir='ltr'><strong>esset,</strong></span> <span class='ocrx_word' id='word_1_67' title='bbox 435 1170 578 1245; x_wconf 72' lang='lat' dir='ltr'><strong>potestate</strong></span> <span class='ocrx_word' id='word_1_68' title='bbox 592 1181 628 1224; x_wconf 90' lang='lat' dir='ltr'><strong>ac</strong></span> <span class='ocrx_word' id='word_1_69' title='bbox 638 1162 759 1225; x_wconf 81' lang='lat' dir='ltr'><strong>raunaiuc</strong></span> <span class='ocrx_word' id='word_1_70' title='bbox 774 1163 848 1236; x_wconf 84' lang='lat' dir='ltr'><strong>ellici</strong></span> <span class='ocrx_word' id='word_1_71' title='bbox 864 1164 1043 1227; x_wconf 88' lang='lat' dir='ltr'><strong>credebatur.</strong></span> <span class='ocrx_word' id='word_1_72' title='bbox 1073 1164 1149 1228; x_wconf 88' lang='lat' dir='ltr'><strong>ilinc</strong></span> <span class='ocrx_word' id='word_1_73' title='bbox 1163 1165 1219 1228; x_wconf 90' lang='lat' dir='ltr'><strong>iam</strong></span> <span class='ocrx_word' id='word_1_74' title='bbox 1235 1184 1360 1247; x_wconf 87' lang='lat' dir='ltr'><strong>appare·</strong></span> 
     </span>
     <span class='ocr_line' id='line_1_10' title="bbox 199 1264 1360 1351; baseline 0 -20"><span class='ocrx_word' id='word_1_75' title='bbox 199 1268 254 1344; x_wconf 89' lang='lat' dir='ltr'><strong>bit,</strong></span> <span class='ocrx_word' id='word_1_76' title='bbox 273 1287 403 1351; x_wconf 81' lang='lat' dir='ltr'><strong>cpuunam</strong></span> <span class='ocrx_word' id='word_1_77' title='bbox 422 1267 513 1330; x_wconf 80' lang='lat' dir='ltr'><strong>niodo</strong></span> <span class='ocrx_word' id='word_1_78' title='bbox 529 1264 566 1329; x_wconf 88' lang='lat' dir='ltr'><strong>de</strong></span> <span class='ocrx_word' id='word_1_79' title='bbox 580 1264 723 1347; x_wconf 78' lang='lat' dir='ltr'>Cupidine</span> <span class='ocrx_word' id='word_1_80' title='bbox 739 1265 786 1329; x_wconf 91' lang='lat' dir='ltr'><strong>illo</strong></span> <span class='ocrx_word' id='word_1_81' title='bbox 802 1266 950 1330; x_wconf 85' lang='lat' dir='ltr'><strong>llesindeo</strong></span> <span class='ocrx_word' id='word_1_82' title='bbox 965 1269 1155 1332; x_wconf 88' lang='lat' dir='ltr'><strong>statuendum</strong></span> <span class='ocrx_word' id='word_1_83' title='bbox 1172 1268 1218 1331; x_wconf 87' lang='lat' dir='ltr'><strong>sit.</strong></span> <span class='ocrx_word' id='word_1_84' title='bbox 1249 1268 1360 1350; x_wconf 89' lang='lat' dir='ltr'><strong>Nempe</strong></span> 
     </span>
     <span class='ocr_line' id='line_1_11' title="bbox 199 1369 1360 1454; baseline 0 -18"><span class='ocrx_word' id='word_1_85' title='bbox 199 1373 319 1436; x_wconf 78' lang='lat' dir='ltr'><strong>facultas</strong></span> <span class='ocrx_word' id='word_1_86' title='bbox 340 1371 483 1454; x_wconf 80' lang='lat' dir='ltr'>quaedam</span> <span class='ocrx_word' id='word_1_87' title='bbox 503 1377 532 1433; x_wconf 91' lang='lat' dir='ltr'><strong>et</strong></span> <span class='ocrx_word' id='word_1_88' title='bbox 545 1369 645 1444; x_wconf 84' lang='lat' dir='ltr'><strong>nisus,</strong></span> <span class='ocrx_word' id='word_1_89' title='bbox 664 1387 724 1451; x_wconf 85' lang='lat' dir='ltr'><strong>quo</strong></span> <span class='ocrx_word' id='word_1_90' title='bbox 739 1380 928 1434; x_wconf 80' lang='lat' dir='ltr'><strong>naorerentur</strong></span> <span class='ocrx_word' id='word_1_91' title='bbox 941 1379 970 1434; x_wconf 92' lang='lat' dir='ltr'><strong>et</strong></span> <span class='ocrx_word' id='word_1_92' title='bbox 984 1373 1191 1454; x_wconf 90' lang='lat' dir='ltr'><strong>copularentur</strong></span> <span class='ocrx_word' id='word_1_93' title='bbox 1205 1372 1281 1436; x_wconf 89' lang='lat' dir='ltr'><strong>inter</strong></span> <span class='ocrx_word' id='word_1_94' title='bbox 1295 1392 1360 1436; x_wconf 86' lang='lat' dir='ltr'><strong>sese</strong></span> 
     </span>
     <span class='ocr_line' id='line_1_12' title="bbox 199 1474 1359 1558; baseline 0 -19"><span class='ocrx_word' id='word_1_95' title='bbox 199 1476 294 1558; x_wconf 89' lang='lat' dir='ltr'><strong>prima</strong></span> <span class='ocrx_word' id='word_1_96' title='bbox 313 1474 456 1538; x_wconf 92' lang='lat' dir='ltr'><strong>elementa</strong></span> <span class='ocrx_word' id='word_1_97' title='bbox 476 1491 632 1555; x_wconf 80' lang='lat' dir='ltr'>rerumque</span> <span class='ocrx_word' id='word_1_98' title='bbox 650 1476 815 1539; x_wconf 90' lang='lat' dir='ltr'><strong>elllceretur</strong></span> <span class='ocrx_word' id='word_1_99' title='bbox 833 1476 1013 1558; x_wconf 75' lang='lat' dir='ltr'><strong>procreatio,</strong></span> <span class='ocrx_word' id='word_1_100' title='bbox 1033 1477 1125 1540; x_wconf 91' lang='lat' dir='ltr'><strong>inerat</strong></span> <span class='ocrx_word' id='word_1_101' title='bbox 1140 1476 1257 1558; x_wconf 86' lang='lat' dir='ltr'><strong>quidem</strong></span> <span class='ocrx_word' id='word_1_102' title='bbox 1273 1477 1359 1540; x_wconf 88' lang='lat' dir='ltr'><strong>etiam</strong></span> 
     </span>
     <span class='ocr_line' id='line_1_13' title="bbox 199 1575 1360 1662; baseline 0 -20"><span class='ocrx_word' id='word_1_103' title='bbox 199 1579 228 1642; x_wconf 91' lang='lat' dir='ltr'><strong>in</strong></span> <span class='ocrx_word' id='word_1_104' title='bbox 250 1579 323 1662; x_wconf 86' lang='lat' dir='ltr'><strong>ipsis</strong></span> <span class='ocrx_word' id='word_1_105' title='bbox 344 1576 510 1651; x_wconf 81' lang='lat' dir='ltr'><strong>elementis,</strong></span> <span class='ocrx_word' id='word_1_106' title='bbox 529 1575 581 1640; x_wconf 83' lang='lat' dir='ltr'><strong>sed</strong></span> <span class='ocrx_word' id='word_1_107' title='bbox 597 1578 792 1660; x_wconf 75' lang='lat' dir='ltr'><strong>principatum</strong></span> <span class='ocrx_word' id='word_1_108' title='bbox 808 1579 871 1641; x_wconf 88' lang='lat' dir='ltr'><strong>elus</strong></span> <span class='ocrx_word' id='word_1_109' title='bbox 887 1588 915 1641; x_wconf 90' lang='lat' dir='ltr'><strong>et</strong></span> <span class='ocrx_word' id='word_1_110' title='bbox 930 1579 1060 1660; x_wconf 88' lang='lat' dir='ltr'><strong>regimen</strong></span> <span class='ocrx_word' id='word_1_111' title='bbox 1076 1599 1196 1643; x_wconf 74' lang='lat' dir='ltr'><strong>nemeae</strong></span> <span class='ocrx_word' id='word_1_112' title='bbox 1210 1578 1360 1642; x_wconf 81' lang='lat' dir='ltr'><strong>ridebatur</strong></span> 
     </span>
     <span class='ocr_line' id='line_1_14' title="bbox 200 1680 1359 1763; baseline 0.001 -19"><span class='ocrx_word' id='word_1_113' title='bbox 200 1682 251 1745; x_wconf 93' lang='lat' dir='ltr'><strong>uni</strong></span> <span class='ocrx_word' id='word_1_114' title='bbox 267 1681 381 1746; x_wconf 89' lang='lat' dir='ltr'><strong>cuidam</strong></span> <span class='ocrx_word' id='word_1_115' title='bbox 397 1680 510 1743; x_wconf 77' lang='lat' dir='ltr'><strong>diuinae</strong></span> <span class='ocrx_word' id='word_1_116' title='bbox 524 1698 669 1762; x_wconf 87' lang='lat' dir='ltr'><strong>personae</strong></span> <span class='ocrx_word' id='word_1_117' title='bbox 683 1680 781 1757; x_wconf 82' lang='lat' dir='ltr'><strong>tribui,</strong></span> <span class='ocrx_word' id='word_1_118' title='bbox 795 1700 883 1763; x_wconf 86' lang='lat' dir='ltr'><strong>quam</strong></span> <span class='ocrx_word' id='word_1_119' title='bbox 900 1681 939 1743; x_wconf 91' lang='lat' dir='ltr'><strong>ob</strong></span> <span class='ocrx_word' id='word_1_120' title='bbox 954 1701 1072 1744; x_wconf 80' lang='lat' dir='ltr'><strong>causam</strong></span> <span class='ocrx_word' id='word_1_121' title='bbox 1085 1682 1257 1763; x_wconf 82' lang='lat' dir='ltr'><strong>Cupidinem</strong></span> <span class='ocrx_word' id='word_1_122' title='bbox 1271 1701 1359 1745; x_wconf 82' lang='lat' dir='ltr'><strong>suurn</strong></span> 
     </span>
     <span class='ocr_line' id='line_1_15' title="bbox 201 1781 1359 1863; baseline 0 -16"><span class='ocrx_word' id='word_1_123' title='bbox 201 1785 288 1847; x_wconf 89' lang='lat' dir='ltr'><strong>buius</strong></span> <span class='ocrx_word' id='word_1_124' title='bbox 309 1782 482 1863; x_wconf 78' lang='lat' dir='ltr'><strong>theogoniae</strong></span> <span class='ocrx_word' id='word_1_125' title='bbox 501 1790 604 1845; x_wconf 88' lang='lat' dir='ltr'><strong>auctor</strong></span> <span class='ocrx_word' id='word_1_126' title='bbox 623 1781 746 1845; x_wconf 83' lang='lat' dir='ltr'><strong>induxit.</strong></span> <span class='ocrx_word' id='word_1_127' title='bbox 776 1782 897 1845; x_wconf 84' lang='lat' dir='ltr'><strong>Constat</strong></span> <span class='ocrx_word' id='word_1_128' title='bbox 914 1792 1011 1844; x_wconf 76' lang='lat' dir='ltr'><strong>atatem</strong></span> <span class='ocrx_word' id='word_1_129' title='bbox 1030 1784 1118 1846; x_wconf 89' lang='lat' dir='ltr'><strong>buius</strong></span> <span class='ocrx_word' id='word_1_130' title='bbox 1139 1803 1229 1847; x_wconf 89' lang='lat' dir='ltr'><strong>omne</strong></span> <span class='ocrx_word' id='word_1_131' title='bbox 1248 1803 1359 1848; x_wconf 87' lang='lat' dir='ltr'><strong>munus</strong></span> 
     </span>
     <span class='ocr_line' id='line_1_16' title="bbox 201 1882 1359 1967; baseline 0.001 -19"><span class='ocrx_word' id='word_1_132' title='bbox 201 1886 229 1948; x_wconf 92' lang='lat' dir='ltr'><strong>in</strong></span> <span class='ocrx_word' id='word_1_133' title='bbox 250 1906 299 1960; x_wconf 86' lang='lat' dir='ltr'><strong>eo,</strong></span> <span class='ocrx_word' id='word_1_134' title='bbox 320 1894 353 1947; x_wconf 91' lang='lat' dir='ltr'><strong>ut</strong></span> <span class='ocrx_word' id='word_1_135' title='bbox 372 1885 537 1947; x_wconf 77' lang='lat' dir='ltr'><strong>facultatem</strong></span> <span class='ocrx_word' id='word_1_136' title='bbox 557 1882 632 1944; x_wconf 87' lang='lat' dir='ltr'><strong>illam</strong></span> <span class='ocrx_word' id='word_1_137' title='bbox 649 1882 806 1964; x_wconf 84' lang='lat' dir='ltr'><strong>uisumque</strong></span> <span class='ocrx_word' id='word_1_138' title='bbox 821 1883 1031 1945; x_wconf 87' lang='lat' dir='ltr'><strong>elementorum</strong></span> <span class='ocrx_word' id='word_1_139' title='bbox 1047 1886 1084 1947; x_wconf 92' lang='lat' dir='ltr'><strong>ad</strong></span> <span class='ocrx_word' id='word_1_140' title='bbox 1100 1903 1147 1947; x_wconf 87' lang='lat' dir='ltr'><strong>res</strong></span> <span class='ocrx_word' id='word_1_141' title='bbox 1162 1888 1359 1967; x_wconf 88' lang='lat' dir='ltr'><strong>procreandas</strong></span> 
     </span>
     <span class='ocr_line' id='line_1_17' title="bbox 201 1983 1358 2065; baseline 0.002 -16"><span class='ocrx_word' id='word_1_142' title='bbox 201 1988 300 2051; x_wconf 86' lang='lat' dir='ltr'><strong>inritet</strong></span> <span class='ocrx_word' id='word_1_143' title='bbox 319 1986 439 2048; x_wconf 76' lang='lat' dir='ltr'><strong>nuntiae</strong></span> <span class='ocrx_word' id='word_1_144' title='bbox 454 2003 510 2046; x_wconf 86' lang='lat' dir='ltr'><strong>suo</strong></span> <span class='ocrx_word' id='word_1_145' title='bbox 525 1992 554 2045; x_wconf 94' lang='lat' dir='ltr'><strong>et</strong></span> <span class='ocrx_word' id='word_1_146' title='bbox 568 1983 708 2064; x_wconf 76' lang='lat' dir='ltr'><strong>impellat,</strong></span> <span class='ocrx_word' id='word_1_147' title='bbox 725 1984 852 2063; x_wconf 86' lang='lat' dir='ltr'><strong>amplius</strong></span> <span class='ocrx_word' id='word_1_148' title='bbox 866 2002 935 2045; x_wconf 79' lang='lat' dir='ltr'><strong>reru</strong></span> <span class='ocrx_word' id='word_1_149' title='bbox 951 1983 1022 2045; x_wconf 90' lang='lat' dir='ltr'><strong>nihil</strong></span> <span class='ocrx_word' id='word_1_150' title='bbox 1037 1984 1108 2064; x_wconf 87' lang='lat' dir='ltr'><strong>agit:</strong></span> <span class='ocrx_word' id='word_1_151' title='bbox 1128 1985 1220 2065; x_wconf 87' lang='lat' dir='ltr'><strong>legem</strong></span> <span class='ocrx_word' id='word_1_152' title='bbox 1236 2006 1271 2050; x_wconf 90' lang='lat' dir='ltr'><strong>ac</strong></span> <span class='ocrx_word' id='word_1_153' title='bbox 1285 2007 1358 2051; x_wconf 85' lang='lat' dir='ltr'><strong>nur·</strong></span> 
     </span>
     <span class='ocr_line' id='line_1_18' title="bbox 200 2084 1359 2169; baseline -0.002 -16"><span class='ocrx_word' id='word_1_154' title='bbox 200 2110 278 2153; x_wconf 91' lang='lat' dir='ltr'><strong>mam</strong></span> <span class='ocrx_word' id='word_1_155' title='bbox 298 2087 449 2159; x_wconf 75' lang='lat' dir='ltr'><strong>ittotcntli,</strong></span> <span class='ocrx_word' id='word_1_156' title='bbox 468 2097 497 2150; x_wconf 91' lang='lat' dir='ltr'><strong>et</strong></span> <span class='ocrx_word' id='word_1_157' title='bbox 517 2086 601 2168; x_wconf 82' lang='lat' dir='ltr'><strong>quasi</strong></span> <span class='ocrx_word' id='word_1_158' title='bbox 615 2084 690 2146; x_wconf 80' lang='lat' dir='ltr'><strong>riam</strong></span> <span class='ocrx_word' id='word_1_159' title='bbox 706 2084 851 2165; x_wconf 81' lang='lat' dir='ltr'><strong>quandam</strong></span> <span class='ocrx_word' id='word_1_160' title='bbox 866 2095 896 2146; x_wconf 89' lang='lat' dir='ltr'><strong>et</strong></span> <span class='ocrx_word' id='word_1_161' title='bbox 911 2093 1019 2147; x_wconf 86' lang='lat' dir='ltr'><strong>sectam</strong></span> <span class='ocrx_word' id='word_1_162' title='bbox 1035 2085 1158 2149; x_wconf 89' lang='lat' dir='ltr'><strong>consilio</strong></span> <span class='ocrx_word' id='word_1_163' title='bbox 1174 2096 1203 2149; x_wconf 92' lang='lat' dir='ltr'><strong>et</strong></span> <span class='ocrx_word' id='word_1_164' title='bbox 1217 2089 1359 2169; x_wconf 88' lang='lat' dir='ltr'><strong>sapientia</strong></span> 
     </span>
    </p>
   </div>
   <div class='ocr_carea' id='block_1_4' title="bbox 199 2187 1463 2276">
    <p class='ocr_par' dir='ltr' id='par_1_4' title="bbox 199 2187 1463 2276">
     <span class='ocr_line' id='line_1_19' title="bbox 199 2187 1463 2276; baseline -0.005 -19"><span class='ocrx_word' id='word_1_165' title='bbox 199 2192 423 2276; x_wconf 73' lang='lat' dir='ltr'><strong>praescriptam,</strong></span> <span class='ocrx_word' id='word_1_166' title='bbox 446 2199 479 2252; x_wconf 92' lang='lat' dir='ltr'><strong>ut</strong></span> <span class='ocrx_word' id='word_1_167' title='bbox 498 2190 534 2252; x_wconf 88' lang='lat' dir='ltr'><strong>ad</strong></span> <span class='ocrx_word' id='word_1_168' title='bbox 554 2198 665 2252; x_wconf 89' lang='lat' dir='ltr'><strong>certum</strong></span> <span class='ocrx_word' id='word_1_169' title='bbox 685 2187 920 2268; x_wconf 82' lang='lat' dir='ltr'><strong>destinatumque</strong></span> <span class='ocrx_word' id='word_1_170' title='bbox 940 2188 1028 2249; x_wconf 87' lang='lat' dir='ltr'><strong>tinem</strong></span> <span class='ocrx_word' id='word_1_171' title='bbox 1049 2187 1147 2250; x_wconf 86' lang='lat' dir='ltr'><strong>enanis</strong></span> <span class='ocrx_word' id='word_1_172' title='bbox 1167 2207 1265 2252; x_wconf 82' lang='lat' dir='ltr'><strong>rerum</strong></span> <span class='ocrx_word' id='word_1_173' title='bbox 1286 2209 1359 2273; x_wconf 91' lang='lat' dir='ltr'><strong>pro·</strong></span> <span class='ocrx_word' id='word_1_174' title='bbox 1461 2208 1463 2212; x_wconf 61' lang='grc'><strong>“</strong></span> 
     </span>
    </p>
   </div>
   <div class='ocr_carea' id='block_1_5' title="bbox 160 2288 1435 3928">
    <p class='ocr_par' dir='ltr' id='par_1_5' title="bbox 160 2288 1435 3928">
     <span class='ocr_line' id='line_1_20' title="bbox 200 2288 1358 2376; baseline -0.003 -17"><span class='ocrx_word' id='word_1_175' title='bbox 200 2297 307 2359; x_wconf 89' lang='lat' dir='ltr'><strong>creatio</strong></span> <span class='ocrx_word' id='word_1_176' title='bbox 322 2295 474 2376; x_wconf 79' lang='lat' dir='ltr'><strong>dirigatur,</strong></span> <span class='ocrx_word' id='word_1_177' title='bbox 493 2291 606 2372; x_wconf 88' lang='lat' dir='ltr'><strong>Cupido</strong></span> <span class='ocrx_word' id='word_1_178' title='bbox 621 2308 682 2353; x_wconf 89' lang='lat' dir='ltr'><strong>non</strong></span> <span class='ocrx_word' id='word_1_179' title='bbox 699 2289 798 2353; x_wconf 90' lang='lat' dir='ltr'><strong>babet:</strong></span> <span class='ocrx_word' id='word_1_180' title='bbox 818 2309 907 2372; x_wconf 77' lang='lat' dir='ltr'><strong>quiam</strong></span> <span class='ocrx_word' id='word_1_181' title='bbox 922 2289 948 2352; x_wconf 91' lang='lat' dir='ltr'><strong>si</strong></span> <span class='ocrx_word' id='word_1_182' title='bbox 962 2288 1089 2361; x_wconf 84' lang='lat' dir='ltr'><strong>baberet,</strong></span> <span class='ocrx_word' id='word_1_183' title='bbox 1105 2291 1276 2373; x_wconf 75' lang='lat' dir='ltr'><strong>demiurgus</strong></span> <span class='ocrx_word' id='word_1_184' title='bbox 1291 2294 1358 2375; x_wconf 78' lang='lat' dir='ltr'><strong>qid-</strong></span> 
     </span>
     <span class='ocr_line' id='line_1_21' title="bbox 198 2392 1357 2473; baseline -0.004 -9"><span class='ocrx_word' id='word_1_185' title='bbox 198 2400 265 2464; x_wconf 91' lang='lat' dir='ltr'><strong>dam</strong></span> <span class='ocrx_word' id='word_1_186' title='bbox 284 2407 363 2462; x_wconf 88' lang='lat' dir='ltr'><strong>esset</strong></span> <span class='ocrx_word' id='word_1_187' title='bbox 381 2406 411 2460; x_wconf 90' lang='lat' dir='ltr'><strong>et</strong></span> <span class='ocrx_word' id='word_1_188' title='bbox 430 2395 605 2459; x_wconf 87' lang='lat' dir='ltr'><strong>architectus</strong></span> <span class='ocrx_word' id='word_1_189' title='bbox 624 2392 715 2455; x_wconf 89' lang='lat' dir='ltr'><strong>totius</strong></span> <span class='ocrx_word' id='word_1_190' title='bbox 736 2392 853 2467; x_wconf 80' lang='lat' dir='ltr'><strong>meridi,</strong></span> <span class='ocrx_word' id='word_1_191' title='bbox 873 2393 1004 2473; x_wconf 83' lang='lat' dir='ltr'><strong>adeoque</strong></span> <span class='ocrx_word' id='word_1_192' title='bbox 1022 2410 1100 2455; x_wconf 91' lang='lat' dir='ltr'><strong>unus</strong></span> <span class='ocrx_word' id='word_1_193' title='bbox 1121 2412 1257 2457; x_wconf 88' lang='lat' dir='ltr'><strong>summus</strong></span> <span class='ocrx_word' id='word_1_194' title='bbox 1273 2394 1357 2470; x_wconf 88' lang='lat' dir='ltr'><strong>deus,</strong></span> 
     </span>
     <span class='ocr_line' id='line_1_22' title="bbox 198 2495 1435 2578; baseline -0.004 -11"><span class='ocrx_word' id='word_1_195' title='bbox 198 2504 281 2567; x_wconf 79' lang='lat' dir='ltr'><strong>cuitus</strong></span> <span class='ocrx_word' id='word_1_196' title='bbox 301 2500 388 2564; x_wconf 88' lang='lat' dir='ltr'><strong>ceteri</strong></span> <span class='ocrx_word' id='word_1_197' title='bbox 409 2518 515 2562; x_wconf 82' lang='lat' dir='ltr'><strong>oannes</strong></span> <span class='ocrx_word' id='word_1_198' title='bbox 536 2497 675 2561; x_wconf 86' lang='lat' dir='ltr'><strong>duntaxat</strong></span> <span class='ocrx_word' id='word_1_199' title='bbox 694 2495 820 2559; x_wconf 85' lang='lat' dir='ltr'><strong>ministri</strong></span> <span class='ocrx_word' id='word_1_200' title='bbox 840 2495 995 2578; x_wconf 76' lang='lat' dir='ltr'><strong>legumque</strong></span> <span class='ocrx_word' id='word_1_201' title='bbox 1015 2505 1044 2557; x_wconf 92' lang='lat' dir='ltr'><strong>et</strong></span> <span class='ocrx_word' id='word_1_202' title='bbox 1063 2496 1255 2561; x_wconf 88' lang='lat' dir='ltr'><strong>consiliorum</strong></span> <span class='ocrx_word' id='word_1_203' title='bbox 1275 2519 1359 2562; x_wconf 84' lang='lat' dir='ltr'><strong>exse·</strong></span> <span class='ocrx_word' id='word_1_204' title='bbox 1411 2561 1413 2564; x_wconf 76' lang='grc'>,</span> <span class='ocrx_word' id='word_1_205' title='bbox 1433 2570 1435 2575; x_wconf 10' lang='lat'>⁸</span> 
     </span>
     <span class='ocr_line' id='line_1_23' title="bbox 197 2598 1359 2689; baseline -0.003 -21"><span class='ocrx_word' id='word_1_206' title='bbox 197 2616 339 2689; x_wconf 84' lang='lat' dir='ltr'><strong>quutores</strong></span> <span class='ocrx_word' id='word_1_207' title='bbox 360 2603 448 2666; x_wconf 80' lang='lat' dir='ltr'><strong>rideri</strong></span> <span class='ocrx_word' id='word_1_208' title='bbox 468 2602 620 2675; x_wconf 86' lang='lat' dir='ltr'><strong>deberent,</strong></span> <span class='ocrx_word' id='word_1_209' title='bbox 639 2598 731 2682; x_wconf 87' lang='lat' dir='ltr'><strong>qualis</strong></span> <span class='ocrx_word' id='word_1_210' title='bbox 751 2598 859 2661; x_wconf 88' lang='lat' dir='ltr'><strong>summi</strong></span> <span class='ocrx_word' id='word_1_211' title='bbox 880 2599 926 2662; x_wconf 86' lang='lat' dir='ltr'><strong>dei</strong></span> <span class='ocrx_word' id='word_1_212' title='bbox 946 2599 1029 2662; x_wconf 89' lang='lat' dir='ltr'><strong>notio</strong></span> <span class='ocrx_word' id='word_1_213' title='bbox 1049 2608 1229 2682; x_wconf 77' lang='lat' dir='ltr'><strong>quantopere</strong></span> <span class='ocrx_word' id='word_1_214' title='bbox 1244 2621 1260 2664; x_wconf 92' lang='lat' dir='ltr'><strong>a</strong></span> <span class='ocrx_word' id='word_1_215' title='bbox 1276 2613 1359 2666; x_wconf 83' lang='lat' dir='ltr'><strong>retu·</strong></span> 
     </span>
     <span class='ocr_line' id='line_1_24' title="bbox 198 2701 1359 2789; baseline -0.002 -18"><span class='ocrx_word' id='word_1_216' title='bbox 198 2710 398 2772; x_wconf 78' lang='lat' dir='ltr'><strong>srisshaorum</strong></span> <span class='ocrx_word' id='word_1_217' title='bbox 411 2707 587 2770; x_wconf 85' lang='lat' dir='ltr'><strong>Gmecumm</strong></span> <span class='ocrx_word' id='word_1_218' title='bbox 603 2701 846 2786; x_wconf 87' lang='lat' dir='ltr'><strong>persuasionibus</strong></span> <span class='ocrx_word' id='word_1_219' title='bbox 861 2702 1025 2778; x_wconf 86' lang='lat' dir='ltr'><strong>abhorreat,</strong></span> <span class='ocrx_word' id='word_1_220' title='bbox 1041 2721 1102 2765; x_wconf 91' lang='lat' dir='ltr'><strong>non</strong></span> <span class='ocrx_word' id='word_1_221' title='bbox 1119 2723 1195 2785; x_wconf 88' lang='lat' dir='ltr'><strong>opus</strong></span> <span class='ocrx_word' id='word_1_222' title='bbox 1211 2714 1256 2768; x_wconf 92' lang='lat' dir='ltr'><strong>est</strong></span> <span class='ocrx_word' id='word_1_223' title='bbox 1267 2726 1359 2789; x_wconf 86' lang='lat' dir='ltr'><strong>expo·</strong></span> 
     </span>
     <span class='ocr_line' id='line_1_25' title="bbox 197 2805 1359 2888; baseline -0.003 -13"><span class='ocrx_word' id='word_1_224' title='bbox 197 2830 274 2876; x_wconf 85' lang='lat' dir='ltr'><strong>nere.</strong></span> <span class='ocrx_word' id='word_1_225' title='bbox 304 2812 340 2875; x_wconf 94' lang='lat' dir='ltr'><strong>lli</strong></span> <span class='ocrx_word' id='word_1_226' title='bbox 360 2810 439 2874; x_wconf 86' lang='lat' dir='ltr'><strong>enim</strong></span> <span class='ocrx_word' id='word_1_227' title='bbox 459 2819 509 2872; x_wconf 89' lang='lat' dir='ltr'><strong>aut</strong></span> <span class='ocrx_word' id='word_1_228' title='bbox 528 2807 652 2871; x_wconf 87' lang='lat' dir='ltr'><strong>omnine</strong></span> <span class='ocrx_word' id='word_1_229' title='bbox 671 2825 733 2870; x_wconf 92' lang='lat' dir='ltr'><strong>non</strong></span> <span class='ocrx_word' id='word_1_230' title='bbox 749 2805 925 2888; x_wconf 73' lang='lat' dir='ltr'><strong>‹praerebant</strong></span> <span class='ocrx_word' id='word_1_231' title='bbox 940 2805 1051 2886; x_wconf 86' lang='lat' dir='ltr'><strong>detege</strong></span> <span class='ocrx_word' id='word_1_232' title='bbox 1066 2827 1101 2870; x_wconf 91' lang='lat' dir='ltr'><strong>ac</strong></span> <span class='ocrx_word' id='word_1_233' title='bbox 1115 2825 1220 2872; x_wconf 86' lang='lat' dir='ltr'><strong>norma</strong></span> <span class='ocrx_word' id='word_1_234' title='bbox 1235 2811 1359 2873; x_wconf 89' lang='lat' dir='ltr'><strong>creatio·</strong></span> 
     </span>
     <span class='ocr_line' id='line_1_26' title="bbox 197 2907 1361 2997; baseline -0.003 -16"><span class='ocrx_word' id='word_1_235' title='bbox 197 2917 254 2993; x_wconf 90' lang='lat' dir='ltr'><strong>nis,</strong></span> <span class='ocrx_word' id='word_1_236' title='bbox 268 2926 327 2991; x_wconf 85' lang='lat' dir='ltr'><strong>aut,</strong></span> <span class='ocrx_word' id='word_1_237' title='bbox 342 2915 367 2978; x_wconf 88' lang='lat' dir='ltr'><strong>si</strong></span> <span class='ocrx_word' id='word_1_238' title='bbox 382 2912 568 2997; x_wconf 84' lang='lat' dir='ltr'><strong>quaerebant,</strong></span> <span class='ocrx_word' id='word_1_239' title='bbox 583 2910 740 2974; x_wconf 88' lang='lat' dir='ltr'><strong>obscuram</strong></span> <span class='ocrx_word' id='word_1_240' title='bbox 753 2908 900 2991; x_wconf 83' lang='lat' dir='ltr'><strong>quandam</strong></span> <span class='ocrx_word' id='word_1_241' title='bbox 912 2918 940 2972; x_wconf 89' lang='lat' dir='ltr'><strong>et</strong></span> <span class='ocrx_word' id='word_1_242' title='bbox 952 2907 1180 2993; x_wconf 83' lang='lat' dir='ltr'><strong>inexplicabilem</strong></span> <span class='ocrx_word' id='word_1_243' title='bbox 1193 2912 1361 2977; x_wconf 85' lang='lat' dir='ltr'><strong>statuebant</strong></span> 
     </span>
     <span class='ocr_line' id='line_1_27' title="bbox 160 3007 1360 3101; baseline -0.003 -18"><span class='ocrx_word' id='word_1_244' title='bbox 160 3042 169 3060; x_wconf 90' lang='lat'><strong>·</strong></span> <span class='ocrx_word' id='word_1_245' title='bbox 197 3019 402 3083; x_wconf 88' lang='lat' dir='ltr'><strong>necessitatem</strong></span> <span class='ocrx_word' id='word_1_246' title='bbox 417 3016 648 3100; x_wconf 86' lang='lat' dir='ltr'><strong>primordialem,</strong></span> <span class='ocrx_word' id='word_1_247' title='bbox 664 3013 914 3096; x_wconf 78' lang='lat' dir='ltr'><strong>‹pirenaadmudum</strong></span> <span class='ocrx_word' id='word_1_248' title='bbox 930 3013 1017 3077; x_wconf 91' lang='lat' dir='ltr'><strong>etiam</strong></span> <span class='ocrx_word' id='word_1_249' title='bbox 1032 3034 1048 3077; x_wconf 93' lang='lat' dir='ltr'><strong>a</strong></span> <span class='ocrx_word' id='word_1_250' title='bbox 1063 3007 1360 3101; x_wconf 64' lang='lat' dir='ltr'><strong>Parnaaniueuva&#39;y-</strong></span> 
     </span>
     <span class='ocr_line' id='line_1_28' title="bbox 198 3117 1410 3211; baseline -0.002 -25"><span class='ocrx_word' id='word_1_251' title='bbox 198 3145 256 3211; x_wconf 74' lang='lat' dir='ltr'><strong>epe</strong></span> <span class='ocrx_word' id='word_1_252' title='bbox 270 3121 372 3186; x_wconf 84' lang='lat' dir='ltr'><strong>naundi</strong></span> <span class='ocrx_word' id='word_1_253' title='bbox 388 3120 514 3185; x_wconf 84' lang='lat' dir='ltr'><strong>lubricae</strong></span> <span class='ocrx_word' id='word_1_254' title='bbox 528 3119 740 3202; x_wconf 87' lang='lat' dir='ltr'><strong>praepositam,</strong></span> <span class='ocrx_word' id='word_1_255' title='bbox 759 3117 796 3180; x_wconf 94' lang='lat' dir='ltr'><strong>ab</strong></span> <span class='ocrx_word' id='word_1_256' title='bbox 810 3136 902 3200; x_wconf 88' lang='lat' dir='ltr'><strong>caque</strong></span> <span class='ocrx_word' id='word_1_257' title='bbox 917 3118 1016 3200; x_wconf 88' lang='lat' dir='ltr'><strong>ipsum</strong></span> <span class='ocrx_word' id='word_1_258' title='bbox 1032 3119 1205 3202; x_wconf 75' lang='lat' dir='ltr'><strong>Cupidinem</strong></span> <span class='ocrx_word' id='word_1_259' title='bbox 1221 3138 1360 3202; x_wconf 88' lang='lat' dir='ltr'><strong>procrea·</strong></span> <span class='ocrx_word' id='word_1_260' title='bbox 1407 3198 1410 3203; x_wconf 8' lang='grc' dir='ltr'>ξ</span> 
     </span>
     <span class='ocr_line' id='line_1_29' title="bbox 199 3219 1359 3305; baseline 0.001 -17"><span class='ocrx_word' id='word_1_261' title='bbox 199 3235 260 3289; x_wconf 91' lang='lat' dir='ltr'><strong>tum</strong></span> <span class='ocrx_word' id='word_1_262' title='bbox 280 3245 347 3289; x_wconf 89' lang='lat' dir='ltr'><strong>csse</strong></span> <span class='ocrx_word' id='word_1_263' title='bbox 366 3224 441 3290; x_wconf 87' lang='lat' dir='ltr'><strong>intra</strong></span> <span class='ocrx_word' id='word_1_264' title='bbox 460 3242 685 3305; x_wconf 85' lang='lat' dir='ltr'><strong>cognoscemus.</strong></span> <span class='ocrx_word' id='word_1_265' title='bbox 714 3219 895 3284; x_wconf 90' lang='lat' dir='ltr'><strong>llesiodeum</strong></span> <span class='ocrx_word' id='word_1_266' title='bbox 914 3239 984 3301; x_wconf 86' lang='lat' dir='ltr'><strong>crgo</strong></span> <span class='ocrx_word' id='word_1_267' title='bbox 1005 3221 1176 3304; x_wconf 89' lang='lat' dir='ltr'><strong>Cupidinem</strong></span> <span class='ocrx_word' id='word_1_268' title='bbox 1196 3243 1259 3287; x_wconf 93' lang='lat' dir='ltr'><strong>non</strong></span> <span class='ocrx_word' id='word_1_269' title='bbox 1279 3245 1359 3301; x_wconf 88' lang='lat' dir='ltr'><strong>sanc,</strong></span> 
     </span>
     <span class='ocr_line' id='line_1_30' title="bbox 198 3313 1358 3412; baseline 0.001 -22"><span class='ocrx_word' id='word_1_270' title='bbox 198 3338 230 3391; x_wconf 94' lang='lat' dir='ltr'><strong>ut</strong></span> <span class='ocrx_word' id='word_1_271' title='bbox 250 3327 411 3410; x_wconf 83' lang='lat' dir='ltr'><strong>Orphicum</strong></span> <span class='ocrx_word' id='word_1_272' title='bbox 431 3326 528 3401; x_wconf 92' lang='lat' dir='ltr'><strong>illum,</strong></span> <span class='ocrx_word' id='word_1_273' title='bbox 554 3320 660 3412; x_wconf 71' lang='grc' dir='ltr'><em>σοφὸν</em></span> <span class='ocrx_word' id='word_1_274' title='bbox 687 3313 928 3388; x_wconf 57' lang='grc' dir='ltr'><strong>αὐτοδίδακτον</strong></span> <span class='ocrx_word' id='word_1_275' title='bbox 942 3313 1116 3408; x_wconf 56' lang='grc' dir='ltr'><strong>’Ἐρωτικὴ</strong></span> <span class='ocrx_word' id='word_1_276' title='bbox 1137 3327 1234 3391; x_wconf 84' lang='lat' dir='ltr'><strong>dicere</strong></span> <span class='ocrx_word' id='word_1_277' title='bbox 1254 3328 1358 3403; x_wconf 90' lang='lat' dir='ltr'><strong>licebit,</strong></span> 
     </span>
     <span class='ocr_line' id='line_1_31' title="bbox 198 3426 1361 3513; baseline 0.002 -19"><span class='ocrx_word' id='word_1_278' title='bbox 198 3431 251 3494; x_wconf 88' lang='lat' dir='ltr'><strong>sed</strong></span> <span class='ocrx_word' id='word_1_279' title='bbox 271 3430 487 3512; x_wconf 86' lang='lat' dir='ltr'><strong>comparandus</strong></span> <span class='ocrx_word' id='word_1_280' title='bbox 506 3429 561 3493; x_wconf 90' lang='lat' dir='ltr'><strong>crit</strong></span> <span class='ocrx_word' id='word_1_281' title='bbox 578 3446 646 3492; x_wconf 90' lang='lat' dir='ltr'><strong>cum</strong></span> <span class='ocrx_word' id='word_1_282' title='bbox 662 3426 932 3491; x_wconf 87' lang='lat' dir='ltr'><strong>Sancbuniathonis</strong></span> <span class='ocrx_word' id='word_1_283' title='bbox 952 3428 1058 3510; x_wconf 88' lang='lat' dir='ltr'><strong>spiritu</strong></span> <span class='ocrx_word' id='word_1_284' title='bbox 1078 3439 1222 3504; x_wconf 88' lang='lat' dir='ltr'><strong>creatore,</strong></span> <span class='ocrx_word' id='word_1_285' title='bbox 1241 3430 1307 3513; x_wconf 89' lang='lat' dir='ltr'><strong>qui,</strong></span> <span class='ocrx_word' id='word_1_286' title='bbox 1327 3443 1361 3496; x_wconf 88' lang='lat' dir='ltr'><strong>ut</strong></span> 
     </span>
     <span class='ocr_line' id='line_1_32' title="bbox 198 3521 1360 3618; baseline 0.004 -23"><span class='ocrx_word' id='word_1_287' title='bbox 198 3533 244 3598; x_wconf 90' lang='lat' dir='ltr'><strong>illc</strong></span> <span class='ocrx_word' id='word_1_288' title='bbox 263 3533 351 3608; x_wconf 55' lang='lat' dir='ltr'><strong>aith,</strong></span> <span class='ocrx_word' id='word_1_289' title='bbox 373 3524 432 3597; x_wconf 70' lang='grc' dir='ltr'><strong>οὔκ</strong></span> <span class='ocrx_word' id='word_1_290' title='bbox 454 3524 631 3617; x_wconf 74' lang='grc' dir='ltr'><em>ἐγίγνωσκε</em></span> <span class='ocrx_word' id='word_1_291' title='bbox 650 3526 711 3618; x_wconf 71' lang='grc' dir='ltr'><strong>τήν</strong></span> <span class='ocrx_word' id='word_1_292' title='bbox 731 3521 850 3594; x_wconf 75' lang='lat' dir='ltr'><strong>iurand</strong></span> <span class='ocrx_word' id='word_1_293' title='bbox 871 3523 993 3609; x_wconf 76' lang='grc' dir='ltr'><strong>κτίσιν,</strong></span> <span class='ocrx_word' id='word_1_294' title='bbox 1014 3533 1080 3596; x_wconf 84' lang='lat' dir='ltr'><strong>he.</strong></span> <span class='ocrx_word' id='word_1_295' title='bbox 1098 3534 1161 3616; x_wconf 90' lang='lat' dir='ltr'><strong>ipse</strong></span> <span class='ocrx_word' id='word_1_296' title='bbox 1176 3533 1244 3616; x_wconf 88' lang='lat' dir='ltr'><strong>quid</strong></span> <span class='ocrx_word' id='word_1_297' title='bbox 1259 3544 1360 3617; x_wconf 86' lang='lat' dir='ltr'><strong>etqua</strong></span> 
     </span>
     <span class='ocr_line' id='line_1_33' title="bbox 198 3634 1360 3722; baseline 0.002 -22"><span class='ocrx_word' id='word_1_298' title='bbox 198 3637 309 3702; x_wconf 88' lang='lat' dir='ltr'><strong>ratione</strong></span> <span class='ocrx_word' id='word_1_299' title='bbox 328 3638 456 3702; x_wconf 87' lang='lat' dir='ltr'><strong>elllceret</strong></span> <span class='ocrx_word' id='word_1_300' title='bbox 474 3635 635 3712; x_wconf 84' lang='lat' dir='ltr'><strong>nesciebat,</strong></span> <span class='ocrx_word' id='word_1_301' title='bbox 654 3634 705 3699; x_wconf 85' lang='lat' dir='ltr'><strong>sed</strong></span> <span class='ocrx_word' id='word_1_302' title='bbox 725 3634 848 3718; x_wconf 85' lang='lat' dir='ltr'><strong>parebat</strong></span> <span class='ocrx_word' id='word_1_303' title='bbox 863 3655 949 3700; x_wconf 87' lang='lat' dir='ltr'><strong>caece</strong></span> <span class='ocrx_word' id='word_1_304' title='bbox 965 3634 1081 3700; x_wconf 88' lang='lat' dir='ltr'><strong>cuidam</strong></span> <span class='ocrx_word' id='word_1_305' title='bbox 1096 3636 1247 3703; x_wconf 85' lang='lat' dir='ltr'><strong>instinctui</strong></span> <span class='ocrx_word' id='word_1_306' title='bbox 1261 3647 1291 3700; x_wconf 90' lang='lat' dir='ltr'><strong>et</strong></span> <span class='ocrx_word' id='word_1_307' title='bbox 1304 3637 1360 3722; x_wconf 88' lang='lat' dir='ltr'><strong>legi</strong></span> 
     </span>
     <span class='ocr_line' id='line_1_34' title="bbox 199 3738 1359 3825; baseline 0.003 -23"><span class='ocrx_word' id='word_1_308' title='bbox 199 3739 388 3804; x_wconf 78' lang='lat' dir='ltr'><strong>nemesitatis.</strong></span> <span class='ocrx_word' id='word_1_309' title='bbox 418 3743 512 3825; x_wconf 75' lang='lat' dir='ltr'><strong>Atque</strong></span> <span class='ocrx_word' id='word_1_310' title='bbox 532 3741 616 3807; x_wconf 89' lang='lat' dir='ltr'><strong>talem</strong></span> <span class='ocrx_word' id='word_1_311' title='bbox 633 3739 679 3805; x_wconf 85' lang='lat' dir='ltr'><strong>eui</strong></span> <span class='ocrx_word' id='word_1_312' title='bbox 693 3738 846 3824; x_wconf 88' lang='lat' dir='ltr'><strong>Cupidinis</strong></span> <span class='ocrx_word' id='word_1_313' title='bbox 861 3749 997 3805; x_wconf 90' lang='lat' dir='ltr'><strong>naturam</strong></span> <span class='ocrx_word' id='word_1_314' title='bbox 1011 3740 1099 3805; x_wconf 89' lang='lat' dir='ltr'><strong>ctiam</strong></span> <span class='ocrx_word' id='word_1_315' title='bbox 1114 3740 1288 3825; x_wconf 87' lang='lat' dir='ltr'><strong>theogoniae</strong></span> <span class='ocrx_word' id='word_1_316' title='bbox 1303 3761 1359 3806; x_wconf 91' lang='lat' dir='ltr'><strong>uo·</strong></span> 
     </span>
     <span class='ocr_line' id='line_1_35' title="bbox 200 3842 1359 3928; baseline 0.003 -24"><span class='ocrx_word' id='word_1_317' title='bbox 200 3853 275 3906; x_wconf 85' lang='lat' dir='ltr'><strong>strae</strong></span> <span class='ocrx_word' id='word_1_318' title='bbox 290 3844 474 3925; x_wconf 80' lang='lat' dir='ltr'><strong>corapositor</strong></span> <span class='ocrx_word' id='word_1_319' title='bbox 488 3845 576 3909; x_wconf 83' lang='lat' dir='ltr'><strong>videri</strong></span> <span class='ocrx_word' id='word_1_320' title='bbox 592 3854 692 3928; x_wconf 83' lang='lat' dir='ltr'><strong>potest</strong></span> <span class='ocrx_word' id='word_1_321' title='bbox 706 3843 870 3926; x_wconf 81' lang='lat' dir='ltr'><strong>significare</strong></span> <span class='ocrx_word' id='word_1_322' title='bbox 880 3844 1010 3907; x_wconf 76' lang='lat' dir='ltr'><strong>voluisse</strong></span> <span class='ocrx_word' id='word_1_323' title='bbox 1023 3842 1070 3908; x_wconf 90' lang='lat' dir='ltr'><strong>his</strong></span> <span class='ocrx_word' id='word_1_324' title='bbox 1085 3844 1202 3908; x_wconf 88' lang='lat' dir='ltr'><strong>duobus</strong></span> <span class='ocrx_word' id='word_1_325' title='bbox 1217 3845 1359 3922; x_wconf 87' lang='lat' dir='ltr'><strong>versibus,</strong></span> 
     </span>
    </p>
   </div>
   <div class='ocr_carea' id='block_1_6' title="bbox 198 4109 1359 4438">
    <p class='ocr_par' dir='ltr' id='par_1_6' title="bbox 198 4109 1359 4265">
     <span class='ocr_line' id='line_1_36' title="bbox 200 4109 1359 4181; baseline 0.003 -19"><span class='ocrx_word' id='word_1_326' title='bbox 200 4110 304 4179; x_wconf 76' lang='lat' dir='ltr'><strong>plaprius</strong></span> <span class='ocrx_word' id='word_1_327' title='bbox 318 4110 356 4163; x_wconf 77' lang='lat' dir='ltr'><strong>rit</strong></span> <span class='ocrx_word' id='word_1_328' title='bbox 373 4114 436 4180; x_wconf 80' lang='lat' dir='ltr'><strong>apud</strong></span> <span class='ocrx_word' id='word_1_329' title='bbox 448 4112 582 4166; x_wconf 78' lang='lat' dir='ltr'><strong>Eusebium</strong></span> <span class='ocrx_word' id='word_1_330' title='bbox 600 4112 641 4166; x_wconf 78' lang='lat' dir='ltr'><strong>l’r.</strong></span> <span class='ocrx_word' id='word_1_331' title='bbox 653 4128 693 4165; x_wconf 78' lang='lat' dir='ltr'><strong>ern</strong></span> <span class='ocrx_word' id='word_1_332' title='bbox 707 4111 745 4179; x_wconf 87' lang='lat' dir='ltr'><strong>lll,</strong></span> <span class='ocrx_word' id='word_1_333' title='bbox 761 4112 803 4181; x_wconf 86' lang='lat' dir='ltr'><strong>ll,</strong></span> <span class='ocrx_word' id='word_1_334' title='bbox 813 4112 838 4177; x_wconf 79' lang='lat' dir='ltr'><strong>l,</strong></span> <span class='ocrx_word' id='word_1_335' title='bbox 850 4120 877 4165; x_wconf 88' lang='lat' dir='ltr'><strong>et</strong></span> <span class='ocrx_word' id='word_1_336' title='bbox 888 4109 1077 4181; x_wconf 70' lang='lat' dir='ltr'><strong>Theodoreus,</strong></span> <span class='ocrx_word' id='word_1_337' title='bbox 1090 4111 1199 4180; x_wconf 78' lang='lat' dir='ltr'><strong>Tlcnp.</strong></span> <span class='ocrx_word' id='word_1_338' title='bbox 1212 4109 1245 4165; x_wconf 94' lang='lat' dir='ltr'><strong>lll</strong></span> <span class='ocrx_word' id='word_1_339' title='bbox 1256 4128 1280 4180; x_wconf 86' lang='lat' dir='ltr'><strong>p.</strong></span> <span class='ocrx_word' id='word_1_340' title='bbox 1289 4111 1359 4179; x_wconf 81' lang='lat' dir='ltr'><strong>tt,t</strong></span> 
     </span>
     <span class='ocr_line' id='line_1_37' title="bbox 198 4195 457 4265; baseline 0.004 -17"><span class='ocrx_word' id='word_1_341' title='bbox 198 4195 270 4265; x_wconf 77' lang='lat' dir='ltr'><strong>spu</strong></span> <span class='ocrx_word' id='word_1_342' title='bbox 284 4195 345 4261; x_wconf 81' lang='lat' dir='ltr'><strong>(rac</strong></span> <span class='ocrx_word' id='word_1_343' title='bbox 358 4195 457 4262; x_wconf 65' lang='lat' dir='ltr'><strong>naara.</strong></span> 
     </span>
    </p>

    <p class='ocr_par' dir='ltr' id='par_1_7' title="bbox 266 4279 662 4350">
     <span class='ocr_line' id='line_1_38' title="bbox 266 4279 662 4350; baseline 0 -16"><span class='ocrx_word' id='word_1_344' title='bbox 266 4282 297 4345; x_wconf 79' lang='lat' dir='ltr'><strong>l)</strong></span> <span class='ocrx_word' id='word_1_345' title='bbox 315 4279 397 4333; x_wconf 80' lang='lat' dir='ltr'><strong>Noun.</strong></span> <span class='ocrx_word' id='word_1_346' title='bbox 409 4281 513 4350; x_wconf 78' lang='lat' dir='ltr'><strong>llioapr.</strong></span> <span class='ocrx_word' id='word_1_347' title='bbox 525 4280 590 4347; x_wconf 77' lang='lat' dir='ltr'><strong>vlit,</strong></span> <span class='ocrx_word' id='word_1_348' title='bbox 605 4281 662 4334; x_wconf 83' lang='lat' dir='ltr'><strong>ltu.</strong></span> 
     </span>
    </p>

    <p class='ocr_par' dir='ltr' id='par_1_8' title="bbox 266 4364 1009 4438">
     <span class='ocr_line' id='line_1_39' title="bbox 266 4364 1009 4438; baseline -0.001 -17"><span class='ocrx_word' id='word_1_349' title='bbox 266 4367 296 4433; x_wconf 76' lang='lat' dir='ltr'><strong>b)</strong></span> <span class='ocrx_word' id='word_1_350' title='bbox 314 4367 389 4438; x_wconf 76' lang='lat' dir='ltr'><strong>Apol</strong></span> <span class='ocrx_word' id='word_1_351' title='bbox 400 4365 543 4432; x_wconf 78' lang='lat' dir='ltr'><strong>Emehlnn,</strong></span> <span class='ocrx_word' id='word_1_352' title='bbox 555 4366 644 4436; x_wconf 73' lang='lat' dir='ltr'><strong>Praep.</strong></span> <span class='ocrx_word' id='word_1_353' title='bbox 656 4382 697 4419; x_wconf 81' lang='lat' dir='ltr'><strong>er.</strong></span> <span class='ocrx_word' id='word_1_354' title='bbox 707 4364 727 4431; x_wconf 89' lang='lat' dir='ltr'><strong>l,</strong></span> <span class='ocrx_word' id='word_1_355' title='bbox 741 4365 803 4432; x_wconf 86' lang='lat' dir='ltr'><strong>ld,l</strong></span> <span class='ocrx_word' id='word_1_356' title='bbox 817 4381 843 4436; x_wconf 76' lang='lat' dir='ltr'><strong>p,</strong></span> <span class='ocrx_word' id='word_1_357' title='bbox 853 4366 885 4419; x_wconf 83' lang='lat' dir='ltr'><strong>at</strong></span> <span class='ocrx_word' id='word_1_358' title='bbox 898 4366 1009 4420; x_wconf 82' lang='lat' dir='ltr'><strong>llcioicla.</strong></span> 
     </span>
    </p>
   </div>
   <div class='ocr_carea' id='block_1_7' title="bbox 0 0 1486 4808">
    <p class='ocr_par' dir='ltr' id='par_1_9' title="bbox 0 0 1486 4808">
     <span class='ocr_line' id='line_1_40' title="bbox 0 0 1486 4808; baseline 0 0"><span class='ocrx_word' id='word_1_359' title='bbox 0 0 1486 4808; x_wconf 95' lang='lat' dir='ltr'><strong> </strong></span> 
     </span>
    </p>
   </div>
  </div>
 </body>
</html>
