2962 4808
680 378 744 443 233

137 576 269 649 pretatur
295 568 495 645 Tramwm,
518 568 571 632 sed
594 567 752 650 significari
770 567 927 631 Zorliacorn
947 565 1052 643 credit3
1074 565 1121 630 alii
1141 577 1240 629 autem
1259 565 1298 628 ab

137 670 269 734 obsoleta
292 671 418 752 padam
446 675 539 735 lorma
561 673 625 735 eius
648 671 739 746 serbi,
765 670 846 751 quon
868 679 913 732 est
934 660 1188 754 niprnpppr²³)‚
1211 667 1298 731 cuius
1402 684 1406 693 ·

138 773 281 837 aoristum
302 765 422 857 ἔπρεσε
442 774 529 837 hahet
549 775 706 856 theogonia
721 794 746 836 ι.
760 772 837 848 856,
852 781 983 855 οοροιοιο
997 790 1107 834 nonreu
1122 772 1299 846 nraluorunt,

57 938 60 945 ,
106 935 109 940 .
138 886 172 938 ut
185 886 266 938 esset
279 870 425 959 Περσεύς
438 897 490 958 per
504 877 765 960 transpositionem
780 877 941 940 litterarum
958 895 1012 957 pro
1027 868 1187 957 Πρεσεύς,
1203 874 1299 955 signi·

139 981 295 1058 liceretque
315 977 386 1040 solis
401 988 451 1041 aut
470 979 619 1043 stellarum
639 980 788 1053 ardorem3
813 999 850 1042 ne
871 980 907 1043 tle
926 981 968 1042 eis
988 979 1099 1053 (licam,
1118 977 1167 1061 qui
1186 996 1298 1040 nomen

139 1098 200 1142 non
216 1099 335 1161 graecae
350 1081 400 1142 secl
416 1081 553 1144 barbarae
568 1083 689 1164 originis
705 1103 771 1145 esse
786 1082 897 1154 retunt,
912 1082 1044 1162 lucisque
1054 1081 1299 1162 significationem

140 1184 167 1246 ei
182 1185 386 1260 asserunt²⁰h
420 1183 488 1245 Utut
502 1194 558 1257 est,
572 1186 608 1247 ad
624 1186 734 1248 eaelum
749 1187 860 1248 Persen
874 1184 982 1265 pariter
996 1203 1063 1246 cum
1081 1203 1171 1246 rrxore
1186 1184 1300 1247 Asteria

140 1285 286 1366 pertinere
303 1284 489 1347 manifestum
506 1295 559 1348 est.
589 1286 641 1349 llis
656 1296 754 1349 autem
770 1286 940 1367 prareutihus
955 1286 1035 1368 quorl
1050 1285 1155 1348 llerate
1169 1297 1237 1349 nata
1252 1287 1299 1349 cli·

139 1387 226 1461 citur,
240 1386 312 1448 nihil
326 1385 401 1448 aliud
417 1386 574 1467 significari
590 1387 725 1461 arbitror,
744 1387 801 1449 uisi
818 1387 874 1449 rim
890 1386 966 1450 illarn
981 1387 1124 1463 caelitum,
1138 1408 1205 1471 «pua,
1217 1389 1299 1471 quael

138 1488 253 1563 solunt,
268 1488 355 1550 etiam
374 1509 391 1549 c
410 1487 571 1569 longinquo
591 1489 735 1563 efficiunt,
755 1489 909 1552 caelestem
929 1489 1037 1552 hahere
1055 1491 1209 1572 originem.
1239 1492 1300 1555 Sed

138 1589 290 1653 accedebat
306 1595 431 1653 fortasse
445 1591 531 1653 etiam
546 1591 619 1655 haec
633 1591 745 1672 opinio,
760 1601 792 1654 ut
807 1609 868 1653 non
884 1593 947 1654 sinc
962 1594 1129 1656 caelestium
1145 1594 1301 1675 signorum
1377 1675 1380 1678 Α

140 1691 303 1754 interventu
321 1691 366 1752 vis
386 1689 431 1751 illa
450 1691 573 1754 deorum
588 1711 636 1753 res
652 1701 807 1754 terrestres
822 1701 909 1773 atque
923 1691 1067 1755 humanas
1082 1714 1200 1758 morere
1214 1706 1302 1779 puta·
1399 1754 1402 1759 ,

141 1800 234 1864 retur,
254 1791 307 1854 abs
322 1809 378 1873 qua
393 1792 535 1854 sententia
550 1793 638 1855 etiam
654 1803 765 1856 veteres
781 1794 956 1874 theogoniae
970 1795 1144 1876 interpretes
1159 1815 1220 1859 nou
1236 1816 1304 1859 ma-

140 1911 270 1974 gnopere
289 1891 457 1954 abhorrent.
488 1893 563 1955 h’am
584 1893 774 1968 ianuarino,
795 1895 895 1957 nratris
910 1895 1048 1969 Hecates,
1064 1897 1304 1979 interpretatione
1325 1906 1357 1961 tt

141 1994 313 2057 scholiastes
334 1994 370 2056 ad
395 2013 421 2056 r.
438 1995 500 2057 409
521 1994 574 2056 ait:
595 1989 655 2057 διὰ
682 1991 744 2077 γὰρ
769 1990 1007 2080 spantoriacos
1030 1993 1097 2059 τῶν
1118 1988 1306 2083 ἅστριοντᾶ

142 2091 325 2182 πράγματα
345 2092 576 2178 περαιοῦνται,
595 2105 624 2157 et
639 2096 776 2158 disertius
795 2098 881 2159 etiarn
896 2097 1020 2160 loannes
1035 2099 1182 2162 Diaconos
1197 2120 1227 2181 p.
1239 2101 1300 2163 ‹lil

144 2200 247 2262 Gaisl:
268 2191 388 2281 ταύτην
408 2194 468 2283 τήν
480 2189 653 2280 Ἀστερίαν
667 2189 687 2260 ei
700 2192 834 2282 Πέρσης
854 2192 984 2280 λέγεται
1000 2191 1189 2282 ἀγαγέσθαι
1205 2191 1304 2265 ὅκοι-

141 2322 201 2378 τιν,
222 2292 372 2383 παρόσον
386 2301 444 2385 τῆς
458 2295 524 2362 τῶν
537 2291 699 2384 οὖρανιίον
712 2293 875 2380 σωμάτιον
889 2295 1069 2386 <ignorantie
1083 2296 1140 2365 καὶ
1154 2296 1306 2385 ἐνεργοῦς

141 2395 299 2488 κινήσεως
331 2395 506 2486 ἐξήρτηται
532 2397 575 2465 cci
602 2394 804 2487 ἀνθρώπινα
830 2397 1020 2486 πράγματα.
1056 2404 1198 2479 Quamvis
1223 2405 1303 2468 enim

142 2505 229 2583 longo
243 2523 260 2565 a
272 2504 482 2567 Chahlaeonun
499 2504 691 2585 opinionibus
706 2504 889 2586 astrologicis
905 2505 949 2567 illa
960 2515 1047 2580 aetas,
1061 2526 1118 2589 qua
1133 2508 1206 2570 haec
1217 2507 1305 2570 theo-

143 2605 229 2686 gonia
239 2605 402 2685 composita
414 2614 468 2680 est,
484 2607 547 2669 siue
559 2607 648 2670 eluhio
660 2607 794 2679 alrluuit,
810 2607 868 2668 rim
880 2616 977 2670 tanren
993 2609 1138 2690 quandam
1155 2619 1305 2673 astrorum

142 2708 178 2770 ad
191 2725 239 2769 res
250 2717 405 2769 terrestres
416 2716 445 2768 et
460 2709 602 2772 humanas
616 2709 810 2791 pertinentem
825 2708 952 2784 dubitari
964 2727 1025 2770 noo
1036 2720 1135 2791 potest
1149 2710 1220 2791 quio
1232 2711 1306 2773 satis

142 2820 256 2871 mature
276 2809 376 2871 Graeci
402 2811 542 2890 suspicati
561 2811 634 2882 siut,
660 2811 738 2872 uncle
760 2801 901 2894 ἀστέρας
920 2805 1092 2893 λαμπροῦς
1111 2807 1307 2888 devocatio

142 2903 378 2990 ἐμπρέποντας
399 2901 514 2994 αἰθέρι
530 2913 688 2994 Aeschylus
703 2912 785 2985 elisit,
801 2911 1031 2990 Agamemnonis
1046 2911 1147 2973 initio²
1158 2915 1197 2989 ἵ).

145 3068 442 3079 -ιο--Μ-...οοηυ

143 3165 194 3207 tem
206 3157 293 3208 eoeleru
306 3173 382 3208 seusu
399 3173 448 3223 quo
464 3155 555 3224 περᾶν
567 3157 632 3223 aprnl
649 3156 781 3206 Homerum
796 3154 930 3221 aliquoties
944 3162 1091 3221 usurpaturo
1100 3162 1149 3205 ert.
1167 3154 1207 3205 Cf.
1217 3161 1244 3207 et
1253 3157 1307 3206 Ah·

144 3256 203 3292 reus
216 3241 240 3291 in
253 3240 341 3291 lliurn.
353 3241 478 3307 antiquar.
491 3256 549 3290 arro.
564 3239 628 3290 1836
641 3255 666 3307 p.
676 3238 734 3290 812.

213 3326 260 3388 25)
280 3323 338 3375 Fuit
352 3324 376 3374 iu
389 3324 427 3373 his
439 3324 469 3373 0.
480 3321 628 3374 Muellerus.
654 3322 710 3373 Vid.
723 3323 778 3372 eius
791 3339 877 3389 opusc.
892 3321 911 3374 h
924 3338 946 3389 p.
960 3322 1016 3374 iil.

215 3407 262 3470 au)
282 3407 312 3458 lli
330 3407 406 3457 velim
419 3405 517 3457 l’ottuor
535 3406 638 3457 aurliant
654 3420 745 3456 serere
762 3414 903 3457 monentem
920 3407 944 3457 in
963 3405 1041 3474 prael.
1059 3407 1116 3458 libri
1133 3407 1214 3459 bonae
1226 3408 1309 3473 l'rugis

146 3493 296 3562 plenissimi,
317 3491 427 3559 Etymol.
446 3491 624 3555 Forsehungen
641 3496 690 3540 ete.
709 3496 768 3542 tom.
786 3488 795 3540 Ι
809 3507 830 3557 p.
843 3489 939 3542 Lxxv
943 3527 949 3542 .
979 3492 1030 3543 Sed
1046 3492 1144 3556 gratior
1159 3492 1214 3542 siue
1231 3493 1309 3544 duleis

146 3579 253 3631 orientis
265 3577 418 3628 amatoribus
430 3577 479 3627 erit
488 3576 567 3627 Pielli
578 3576 708 3627 annotatio
720 3577 785 3643 apurl
795 3575 924 3626 Potterum
941 3576 1223 3644 interpraetans,
1237 3577 1310 3647 πίρ-

148 3679 201 3733 ραν
211 3663 236 3713 in
249 3662 431 3730 Aegyptiorum
443 3676 559 3712 sermone
572 3660 669 3712 solem
681 3660 824 3725 significare
837 3660 967 3727 testantis,
979 3663 1045 3729 quorl
1058 3661 1217 3713 confirmavit
1229 3678 1311 3730 anper

146 3747 305 3815 Sep'h‘arthus
323 3746 387 3814 apud
400 3746 546 3796 llaclrnraun.
560 3761 583 3811 p.
594 3744 652 3795 lai.
677 3747 828 3810 Quamquam
841 3759 944 3808 magnus
956 3746 1042 3796 horum
1055 3745 1234 3812 atpateriorum
1246 3763 1310 3814 epo·

148 3841 198 3901 pta,
210 3832 340 3894 Boethius,
355 3831 443 3881 histor.
457 3829 547 3896 philos.
560 3829 638 3880 occid.
653 3827 661 3879 l
676 3845 699 3895 p.
709 3828 771 3893 ³10,
784 3828 878 3879 Perseo
891 3830 951 3880 nihil
963 3846 1019 3880 euru
1032 3831 1086 3881 solo
1098 3839 1143 3882 aut
1155 3832 1229 3882 caela
1240 3848 1311 3885 cum·

147 3935 219 3970 mune
232 3933 291 3970 esse
303 3916 366 3981 vult,
378 3917 422 3967 sed
434 3922 536 3965 ventum
549 3929 607 3964 esse
616 3913 722 3964 calidum
735 3921 761 3963 et
771 3915 939 3979 pestilentem,
953 3931 1000 3965 uon
1014 3915 1090 3967 alium
1099 3931 1173 3983 quam
1182 3915 1313 3986 Typho-

147 4019 225 4068 nem,
242 4003 314 4053 euius
330 4007 521 4065 cognomentum
538 3997 716 4049 llere-Seth
729 3997 820 4049 Graeci
834 3999 857 4049 in
871 3997 990 4050 Perseo
1002 4008 1047 4051 aut
1059 4000 1208 4055 l’eraeum
1221 4018 1311 4056 eorn-

147 4088 237 4155 perlat.

216 4171 262 4238 22)
282 4170 388 4223 masur
404 4169 512 4222 llesiolo
531 4184 628 4236 qaoque
641 4169 822 4234 astrologicam
833 4186 933 4222 carmen
945 4172 1098 4240 arlseriptum
1111 4172 1204 4227 luisses
1224 4191 1311 4243 quam·

148 4274 220 4327 quam
236 4258 267 4310 ele
284 4256 339 4308 eiua
356 4263 503 4322 argumento
520 4262 547 4307 et
563 4262 682 4322 quantum
698 4271 732 4307 ux
744 4256 974 4310 mathematicorum
987 4258 1146 4326 opinionibus
1158 4262 1312 4330 eampleram

144 4344 188 4415 sit,
200 4360 249 4397 non
262 4342 364 4413 liquet·
373 4341 411 4394 ilc
423 4342 585 4411 Orphieorum
597 4342 758 4408 astrologicis
771 4343 820 4394 viel.
833 4341 944 4396 lobeelr.
956 4344 1014 4410 Agl.
1027 4361 1051 4413 p.
1062 4345 1121 4398 425.
1134 4345 1158 4398 6.
