<?xml version="1.0" encoding="UTF-8"?>
<!DOCTYPE html PUBLIC "-//W3C//DTD XHTML 1.0 Transitional//EN"
    "http://www.w3.org/TR/xhtml1/DTD/xhtml1-transitional.dtd">
<html xmlns="http://www.w3.org/1999/xhtml" xml:lang="en" lang="en">
 <head>
  <title>
</title>
<meta http-equiv="Content-Type" content="text/html;charset=utf-8" />
  <meta name='ocr-system' content='tesseract 3.04.00' />
  <meta name='ocr-capabilities' content='ocr_page ocr_carea ocr_par ocr_line ocrx_word'/>
</head>
<body>
  <div class='ocr_page' id='page_1' title='image "./opusculaacademi03schgoog_0026.png"; bbox 0 0 2962 4808; ppageno 0'>
   <div class='ocr_carea' id='block_1_1' title="bbox 698 400 821 499">
    <p class='ocr_par' dir='ltr' id='par_1_1' title="bbox 698 400 821 499">
     <span class='ocr_line' id='line_1_1' title="bbox 698 400 821 499; baseline 0.008 -38"><span class='ocrx_word' id='word_1_1' title='bbox 698 490 731 499; x_wconf 85' lang='lat'>-.</span> <span class='ocrx_word' id='word_1_2' title='bbox 782 400 821 462; x_wconf 81' lang='lat' dir='ltr'>tt</span> 
     </span>
    </p>
   </div>
   <div class='ocr_carea' id='block_1_2' title="bbox 161 589 1460 2434">
    <p class='ocr_par' dir='ltr' id='par_1_2' title="bbox 216 589 1438 881">
     <span class='ocr_line' id='line_1_2' title="bbox 304 589 1381 676; baseline 0.005 -25"><span class='ocrx_word' id='word_1_3' title='bbox 304 590 487 664; x_wconf 83' lang='lat' dir='ltr'>Ceterorum,</span> <span class='ocrx_word' id='word_1_4' title='bbox 506 589 556 672; x_wconf 84' lang='lat' dir='ltr'>(pri</span> <span class='ocrx_word' id='word_1_5' title='bbox 577 590 614 652; x_wconf 85' lang='lat' dir='ltr'>do</span> <span class='ocrx_word' id='word_1_6' title='bbox 629 589 740 672; x_wconf 89' lang='lat' dir='ltr'>Orpbei</span> <span class='ocrx_word' id='word_1_7' title='bbox 757 590 912 671; x_wconf 85' lang='lat' dir='ltr'>theogonia</span> <span class='ocrx_word' id='word_1_8' title='bbox 927 590 1076 666; x_wconf 77' lang='lat' dir='ltr'>eliserunt,</span> <span class='ocrx_word' id='word_1_9' title='bbox 1096 591 1263 656; x_wconf 87' lang='lat' dir='ltr'>testimonia</span> <span class='ocrx_word' id='word_1_10' title='bbox 1279 593 1381 676; x_wconf 89' lang='lat' dir='ltr'>singu·</span> 
     </span>
     <span class='ocr_line' id='line_1_3' title="bbox 217 690 1382 778; baseline 0.005 -24"><span class='ocrx_word' id='word_1_11' title='bbox 217 690 298 755; x_wconf 88' lang='lat' dir='ltr'>latim</span> <span class='ocrx_word' id='word_1_12' title='bbox 313 693 450 774; x_wconf 89' lang='lat' dir='ltr'>persequi</span> <span class='ocrx_word' id='word_1_13' title='bbox 466 694 587 775; x_wconf 87' lang='lat' dir='ltr'>tongum</span> <span class='ocrx_word' id='word_1_14' title='bbox 602 705 647 756; x_wconf 88' lang='lat' dir='ltr'>est</span> <span class='ocrx_word' id='word_1_15' title='bbox 663 714 758 775; x_wconf 81' lang='lat' dir='ltr'>neque</span> <span class='ocrx_word' id='word_1_16' title='bbox 775 694 982 757; x_wconf 82' lang='lat' dir='ltr'>necessarium.</span> <span class='ocrx_word' id='word_1_17' title='bbox 1009 695 1085 758; x_wconf 86' lang='lat' dir='ltr'>Sunt</span> <span class='ocrx_word' id='word_1_18' title='bbox 1104 705 1214 773; x_wconf 89' lang='lat' dir='ltr'>autem,</span> <span class='ocrx_word' id='word_1_19' title='bbox 1233 716 1307 778; x_wconf 85' lang='lat' dir='ltr'>qrtae.</span> <span class='ocrx_word' id='word_1_20' title='bbox 1322 707 1382 760; x_wconf 87' lang='lat' dir='ltr'>tra·</span> 
     </span>
     <span class='ocr_line' id='line_1_4' title="bbox 216 796 1438 881; baseline 0.007 -24"><span class='ocrx_word' id='word_1_21' title='bbox 216 796 340 868; x_wconf 85' lang='lat' dir='ltr'>dtudur,</span> <span class='ocrx_word' id='word_1_22' title='bbox 361 796 460 859; x_wconf 86' lang='lat' dir='ltr'>ortrrtia</span> <span class='ocrx_word' id='word_1_23' title='bbox 481 798 643 873; x_wconf 83' lang='lat' dir='ltr'>eittsmodi,</span> <span class='ocrx_word' id='word_1_24' title='bbox 663 817 737 881; x_wconf 82' lang='lat' dir='ltr'>cpttae</span> <span class='ocrx_word' id='word_1_25' title='bbox 752 807 802 861; x_wconf 91' lang='lat' dir='ltr'>ant</span> <span class='ocrx_word' id='word_1_26' title='bbox 816 817 850 861; x_wconf 86' lang='lat' dir='ltr'>ex</span> <span class='ocrx_word' id='word_1_27' title='bbox 863 797 924 873; x_wconf 88' lang='lat' dir='ltr'>ida,</span> <span class='ocrx_word' id='word_1_28' title='bbox 946 818 1032 881; x_wconf 76' lang='lat' dir='ltr'>spiram</span> <span class='ocrx_word' id='word_1_29' title='bbox 1050 799 1218 862; x_wconf 83' lang='lat' dir='ltr'>baruascius</span> <span class='ocrx_word' id='word_1_30' title='bbox 1237 801 1382 879; x_wconf 73' lang='lat' dir='ltr'>uulgarem</span> <span class='ocrx_word' id='word_1_31' title='bbox 1427 838 1438 849; x_wconf 94' lang='lat'>-</span> 
     </span>
    </p>

    <p class='ocr_par' dir='ltr' id='par_1_3' title="bbox 190 899 1430 1193">
     <span class='ocr_line' id='line_1_5' title="bbox 190 899 1430 994; baseline 0.007 -33"><span class='ocrx_word' id='word_1_32' title='bbox 190 950 193 955; x_wconf 92' lang='lat'>.</span> <span class='ocrx_word' id='word_1_33' title='bbox 215 899 301 975; x_wconf 80' lang='lat' dir='ltr'>riiait,</span> <span class='ocrx_word' id='word_1_34' title='bbox 320 909 370 963; x_wconf 92' lang='lat' dir='ltr'>aut</span> <span class='ocrx_word' id='word_1_35' title='bbox 383 919 419 963; x_wconf 82' lang='lat' dir='ltr'>ex</span> <span class='ocrx_word' id='word_1_36' title='bbox 434 901 523 964; x_wconf 87' lang='lat' dir='ltr'>altera</span> <span class='ocrx_word' id='word_1_37' title='bbox 543 901 746 985; x_wconf 78' lang='lat' dir='ltr'>Hieronpniea</span> <span class='ocrx_word' id='word_1_38' title='bbox 767 902 870 966; x_wconf 84' lang='lat' dir='ltr'>bausta</span> <span class='ocrx_word' id='word_1_39' title='bbox 892 902 981 967; x_wconf 87' lang='lat' dir='ltr'>rideri</span> <span class='ocrx_word' id='word_1_40' title='bbox 1002 902 1135 985; x_wconf 88' lang='lat' dir='ltr'>possint,</span> <span class='ocrx_word' id='word_1_41' title='bbox 1150 905 1242 968; x_wconf 83' lang='lat' dir='ltr'>utorio</span> <span class='ocrx_word' id='word_1_42' title='bbox 1263 916 1382 989; x_wconf 87' lang='lat' dir='ltr'>repnte·</span> <span class='ocrx_word' id='word_1_43' title='bbox 1424 982 1430 994; x_wconf 36' lang='lat'><strong>·</strong></span> 
     </span>
     <span class='ocr_line' id='line_1_6' title="bbox 215 1004 1418 1086; baseline 0.006 -19"><span class='ocrx_word' id='word_1_44' title='bbox 215 1023 294 1076; x_wconf 84' lang='lat' dir='ltr'>tritis,</span> <span class='ocrx_word' id='word_1_45' title='bbox 310 1014 420 1067; x_wconf 86' lang='lat' dir='ltr'>reteres</span> <span class='ocrx_word' id='word_1_46' title='bbox 435 1004 595 1086; x_wconf 77' lang='lat' dir='ltr'><strong>scriptores</strong></span> <span class='ocrx_word' id='word_1_47' title='bbox 610 1005 641 1068; x_wconf 91' lang='lat' dir='ltr'>in</span> <span class='ocrx_word' id='word_1_48' title='bbox 655 1005 815 1068; x_wconf 78' lang='lat' dir='ltr'><strong>referendis</strong></span> <span class='ocrx_word' id='word_1_49' title='bbox 830 1007 954 1070; x_wconf 90' lang='lat' dir='ltr'>aliorum</span> <span class='ocrx_word' id='word_1_50' title='bbox 970 1008 1056 1071; x_wconf 83' lang='lat' dir='ltr'>dictis</span> <span class='ocrx_word' id='word_1_51' title='bbox 1071 1026 1133 1070; x_wconf 92' lang='lat' dir='ltr'>non</span> <span class='ocrx_word' id='word_1_52' title='bbox 1149 1028 1265 1072; x_wconf 89' lang='lat' dir='ltr'>summa</span> <span class='ocrx_word' id='word_1_53' title='bbox 1277 1030 1383 1074; x_wconf 88' lang='lat' dir='ltr'>ornnes</span> <span class='ocrx_word' id='word_1_54' title='bbox 1414 1004 1418 1013; x_wconf 80' lang='lat'>&#39;</span> 
     </span>
     <span class='ocr_line' id='line_1_7' title="bbox 215 1106 1382 1193; baseline 0.009 -27"><span class='ocrx_word' id='word_1_55' title='bbox 215 1106 361 1185; x_wconf 78' lang='lat' dir='ltr'>diligentia</span> <span class='ocrx_word' id='word_1_56' title='bbox 381 1125 480 1185; x_wconf 88' lang='lat' dir='ltr'>agere,</span> <span class='ocrx_word' id='word_1_57' title='bbox 500 1107 649 1188; x_wconf 86' lang='lat' dir='ltr'>nruitaque</span> <span class='ocrx_word' id='word_1_58' title='bbox 668 1128 702 1171; x_wconf 83' lang='lat' dir='ltr'>ex</span> <span class='ocrx_word' id='word_1_59' title='bbox 722 1110 866 1173; x_wconf 80' lang='lat' dir='ltr'>mentiaris</span> <span class='ocrx_word' id='word_1_60' title='bbox 885 1110 998 1193; x_wconf 87' lang='lat' dir='ltr'>potius,</span> <span class='ocrx_word' id='word_1_61' title='bbox 1018 1132 1105 1193; x_wconf 87' lang='lat' dir='ltr'>saepe</span> <span class='ocrx_word' id='word_1_62' title='bbox 1122 1112 1224 1185; x_wconf 79' lang='lat' dir='ltr'>insuda,</span> <span class='ocrx_word' id='word_1_63' title='bbox 1244 1132 1331 1193; x_wconf 84' lang='lat' dir='ltr'>quam</span> <span class='ocrx_word' id='word_1_64' title='bbox 1347 1134 1382 1176; x_wconf 89' lang='lat' dir='ltr'>ert</span> 
     </span>
    </p>

    <p class='ocr_par' dir='ltr' id='par_1_4' title="bbox 172 1207 1381 1291">
     <span class='ocr_line' id='line_1_8' title="bbox 172 1207 1381 1291; baseline 0.004 -18"><span class='ocrx_word' id='word_1_65' title='bbox 172 1267 176 1273; x_wconf 89' lang='lat'>.</span> <span class='ocrx_word' id='word_1_66' title='bbox 216 1207 288 1289; x_wconf 86' lang='lat' dir='ltr'>ipsis</span> <span class='ocrx_word' id='word_1_67' title='bbox 301 1207 381 1270; x_wconf 88' lang='lat' dir='ltr'>tibris</span> <span class='ocrx_word' id='word_1_68' title='bbox 392 1226 541 1291; x_wconf 87' lang='lat' dir='ltr'>promere,</span> <span class='ocrx_word' id='word_1_69' title='bbox 557 1228 611 1273; x_wconf 87' lang='lat' dir='ltr'>nee</span> <span class='ocrx_word' id='word_1_70' title='bbox 623 1230 689 1274; x_wconf 89' lang='lat' dir='ltr'>raro</span> <span class='ocrx_word' id='word_1_71' title='bbox 701 1212 789 1275; x_wconf 92' lang='lat' dir='ltr'>etiam</span> <span class='ocrx_word' id='word_1_72' title='bbox 801 1214 937 1276; x_wconf 86' lang='lat' dir='ltr'>consulto</span> <span class='ocrx_word' id='word_1_73' title='bbox 950 1213 1182 1290; x_wconf 65' lang='lat' dir='ltr'>adulterarew).</span> <span class='ocrx_word' id='word_1_74' title='bbox 1208 1214 1274 1276; x_wconf 87' lang='lat' dir='ltr'>litae</span> <span class='ocrx_word' id='word_1_75' title='bbox 1285 1224 1381 1278; x_wconf 86' lang='lat' dir='ltr'>autern</span> 
     </span>
    </p>

    <p class='ocr_par' dir='ltr' id='par_1_5' title="bbox 161 1312 1460 2434">
     <span class='ocr_line' id='line_1_9' title="bbox 161 1312 1381 1396; baseline 0.002 -19"><span class='ocrx_word' id='word_1_76' title='bbox 161 1323 195 1378; x_wconf 82' lang='lat' dir='ltr'>tt</span> <span class='ocrx_word' id='word_1_77' title='bbox 217 1315 304 1389; x_wconf 81' lang='lat' dir='ltr'>eduae,</span> <span class='ocrx_word' id='word_1_78' title='bbox 319 1312 453 1396; x_wconf 73' lang='lat' dir='ltr'>quatieris</span> <span class='ocrx_word' id='word_1_79' title='bbox 468 1323 497 1376; x_wconf 91' lang='lat' dir='ltr'>rt</span> <span class='ocrx_word' id='word_1_80' title='bbox 510 1313 540 1376; x_wconf 89' lang='lat' dir='ltr'>in</span> <span class='ocrx_word' id='word_1_81' title='bbox 555 1313 701 1396; x_wconf 89' lang='lat' dir='ltr'>principio</span> <span class='ocrx_word' id='word_1_82' title='bbox 721 1323 751 1377; x_wconf 90' lang='lat' dir='ltr'>et</span> <span class='ocrx_word' id='word_1_83' title='bbox 770 1314 799 1377; x_wconf 87' lang='lat' dir='ltr'>in</span> <span class='ocrx_word' id='word_1_84' title='bbox 815 1314 880 1378; x_wconf 80' lang='lat' dir='ltr'>aliis</span> <span class='ocrx_word' id='word_1_85' title='bbox 896 1315 1073 1396; x_wconf 79' lang='lat' dir='ltr'>‹ptribusdam</span> <span class='ocrx_word' id='word_1_86' title='bbox 1093 1315 1226 1396; x_wconf 88' lang='lat' dir='ltr'>partibus</span> <span class='ocrx_word' id='word_1_87' title='bbox 1242 1335 1303 1378; x_wconf 83' lang='lat' dir='ltr'>raon</span> <span class='ocrx_word' id='word_1_88' title='bbox 1318 1337 1381 1380; x_wconf 82' lang='lat' dir='ltr'>rtie-</span> 
     </span>
     <span class='ocr_line' id='line_1_10' title="bbox 216 1417 1382 1501; baseline 0.004 -22"><span class='ocrx_word' id='word_1_89' title='bbox 216 1417 355 1481; x_wconf 91' lang='lat' dir='ltr'>diocriter</span> <span class='ocrx_word' id='word_1_90' title='bbox 374 1417 588 1498; x_wconf 66' lang='lat' dir='ltr'>discrepantes,</span> <span class='ocrx_word' id='word_1_91' title='bbox 612 1417 737 1500; x_wconf 89' lang='lat' dir='ltr'>piurima</span> <span class='ocrx_word' id='word_1_92' title='bbox 763 1427 861 1481; x_wconf 82' lang='lat' dir='ltr'>tanam</span> <span class='ocrx_word' id='word_1_93' title='bbox 884 1431 935 1483; x_wconf 88' lang='lat' dir='ltr'>ant</span> <span class='ocrx_word' id='word_1_94' title='bbox 955 1419 1059 1483; x_wconf 80' lang='lat' dir='ltr'>similia</span> <span class='ocrx_word' id='word_1_95' title='bbox 1081 1431 1130 1482; x_wconf 93' lang='lat' dir='ltr'>aut</span> <span class='ocrx_word' id='word_1_96' title='bbox 1150 1438 1276 1501; x_wconf 88' lang='lat' dir='ltr'>prorsus</span> <span class='ocrx_word' id='word_1_97' title='bbox 1294 1419 1382 1484; x_wconf 90' lang='lat' dir='ltr'>etiam</span> 
     </span>
     <span class='ocr_line' id='line_1_11' title="bbox 215 1519 1382 1599; baseline 0.003 -15"><span class='ocrx_word' id='word_1_98' title='bbox 215 1520 384 1585; x_wconf 88' lang='lat' dir='ltr'>corunrnnia</span> <span class='ocrx_word' id='word_1_99' title='bbox 400 1519 538 1584; x_wconf 84' lang='lat' dir='ltr'>babuisse</span> <span class='ocrx_word' id='word_1_100' title='bbox 554 1521 702 1598; x_wconf 85' lang='lat' dir='ltr'>ridentur,</span> <span class='ocrx_word' id='word_1_101' title='bbox 723 1523 798 1586; x_wconf 82' lang='lat' dir='ltr'>acteo</span> <span class='ocrx_word' id='word_1_102' title='bbox 818 1533 850 1587; x_wconf 93' lang='lat' dir='ltr'>ut</span> <span class='ocrx_word' id='word_1_103' title='bbox 869 1543 929 1587; x_wconf 88' lang='lat' dir='ltr'>nou</span> <span class='ocrx_word' id='word_1_104' title='bbox 950 1533 1008 1588; x_wconf 89' lang='lat' dir='ltr'>tam</span> <span class='ocrx_word' id='word_1_105' title='bbox 1030 1525 1089 1587; x_wconf 94' lang='lat' dir='ltr'>duo</span> <span class='ocrx_word' id='word_1_106' title='bbox 1108 1524 1238 1586; x_wconf 90' lang='lat' dir='ltr'>earmina</span> <span class='ocrx_word' id='word_1_107' title='bbox 1257 1523 1382 1599; x_wconf 77' lang='lat' dir='ltr'>diversa,</span> 
     </span>
     <span class='ocr_line' id='line_1_12' title="bbox 215 1624 1383 1710; baseline 0.003 -23"><span class='ocrx_word' id='word_1_108' title='bbox 215 1646 304 1710; x_wconf 78' lang='lat' dir='ltr'>cpuam</span> <span class='ocrx_word' id='word_1_109' title='bbox 316 1626 445 1689; x_wconf 73' lang='lat' dir='ltr'>diversae</span> <span class='ocrx_word' id='word_1_110' title='bbox 456 1624 545 1689; x_wconf 88' lang='lat' dir='ltr'>unius</span> <span class='ocrx_word' id='word_1_111' title='bbox 558 1627 696 1690; x_wconf 74' lang='lat' dir='ltr'>carminis</span> <span class='ocrx_word' id='word_1_112' title='bbox 708 1628 897 1692; x_wconf 69' lang='lat' dir='ltr'>corrisiones</span> <span class='ocrx_word' id='word_1_113' title='bbox 909 1627 966 1691; x_wconf 87' lang='lat' dir='ltr'>diei</span> <span class='ocrx_word' id='word_1_114' title='bbox 978 1628 1137 1710; x_wconf 91' lang='lat' dir='ltr'>potuerint.</span> <span class='ocrx_word' id='word_1_115' title='bbox 1159 1627 1233 1691; x_wconf 80' lang='lat' dir='ltr'>Nam</span> <span class='ocrx_word' id='word_1_116' title='bbox 1245 1627 1383 1691; x_wconf 89' lang='lat' dir='ltr'>intererat</span> 
     </span>
     <span class='ocr_line' id='line_1_13' title="bbox 216 1726 1382 1816; baseline 0 -23"><span class='ocrx_word' id='word_1_117' title='bbox 216 1730 291 1795; x_wconf 86' lang='lat' dir='ltr'>inter</span> <span class='ocrx_word' id='word_1_118' title='bbox 303 1740 468 1816; x_wconf 77' lang='lat' dir='ltr'>utramque,</span> <span class='ocrx_word' id='word_1_119' title='bbox 484 1726 600 1813; x_wconf 88' lang='lat' dir='ltr'>praeter</span> <span class='ocrx_word' id='word_1_120' title='bbox 613 1731 826 1814; x_wconf 72' lang='lat' dir='ltr'>principiorum</span> <span class='ocrx_word' id='word_1_121' title='bbox 843 1732 1050 1806; x_wconf 67' lang='lat' dir='ltr'>diversitatem,</span> <span class='ocrx_word' id='word_1_122' title='bbox 1066 1732 1123 1794; x_wconf 85' lang='lat' dir='ltr'>bor.</span> <span class='ocrx_word' id='word_1_123' title='bbox 1137 1750 1230 1794; x_wconf 90' lang='lat' dir='ltr'>unum</span> <span class='ocrx_word' id='word_1_124' title='bbox 1248 1731 1382 1809; x_wconf 75' lang='lat' dir='ltr'>unanime,</span> 
     </span>
     <span class='ocr_line' id='line_1_14' title="bbox 217 1834 1381 1917; baseline 0.003 -23"><span class='ocrx_word' id='word_1_125' title='bbox 217 1835 298 1916; x_wconf 77' lang='lat' dir='ltr'>‹prrod</span> <span class='ocrx_word' id='word_1_126' title='bbox 313 1834 489 1907; x_wconf 83' lang='lat' dir='ltr'>Pbanetenr,</span> <span class='ocrx_word' id='word_1_127' title='bbox 508 1835 612 1897; x_wconf 91' lang='lat' dir='ltr'>mundi</span> <span class='ocrx_word' id='word_1_128' title='bbox 633 1835 798 1917; x_wconf 87' lang='lat' dir='ltr'>primigenii</span> <span class='ocrx_word' id='word_1_129' title='bbox 819 1844 979 1898; x_wconf 88' lang='lat' dir='ltr'>creatorem</span> <span class='ocrx_word' id='word_1_130' title='bbox 1002 1845 1164 1916; x_wconf 73' lang='lat' dir='ltr'><strong>posteaque</strong></span> <span class='ocrx_word' id='word_1_131' title='bbox 1184 1834 1220 1897; x_wconf 89' lang='lat' dir='ltr'>ab</span> <span class='ocrx_word' id='word_1_132' title='bbox 1240 1834 1309 1897; x_wconf 86' lang='lat' dir='ltr'>lore</span> <span class='ocrx_word' id='word_1_133' title='bbox 1328 1836 1381 1898; x_wconf 90' lang='lat' dir='ltr'>ab·</span> 
     </span>
     <span class='ocr_line' id='line_1_15' title="bbox 217 1928 1383 2024; baseline 0.001 -25"><span class='ocrx_word' id='word_1_134' title='bbox 217 1947 364 2019; x_wconf 73' lang='lat' dir='ltr'>stirpium,</span> <span class='ocrx_word' id='word_1_135' title='bbox 381 1937 452 2000; x_wconf 83' lang='lat' dir='ltr'>itaer</span> <span class='ocrx_word' id='word_1_136' title='bbox 463 1937 678 2020; x_wconf 70' lang='lat' dir='ltr'>ilieronpmira,</span> <span class='ocrx_word' id='word_1_137' title='bbox 694 1939 847 2002; x_wconf 86' lang='lat' dir='ltr'>Cbronum</span> <span class='ocrx_word' id='word_1_138' title='bbox 863 1947 964 2001; x_wconf 88' lang='lat' dir='ltr'>contra</span> <span class='ocrx_word' id='word_1_139' title='bbox 980 1928 1383 2024; x_wconf 61' lang='lat' dir='ltr'>sit·elterrtttem,}1vcircpe</span> 
     </span>
     <span class='ocr_line' id='line_1_16' title="bbox 217 2039 1381 2124; baseline 0.001 -22"><span class='ocrx_word' id='word_1_140' title='bbox 217 2049 397 2115; x_wconf 88' lang='lat' dir='ltr'>consortem,</span> <span class='ocrx_word' id='word_1_141' title='bbox 413 2039 552 2114; x_wconf 86' lang='lat' dir='ltr'>aetboris,</span> <span class='ocrx_word' id='word_1_142' title='bbox 567 2040 668 2114; x_wconf 90' lang='lat' dir='ltr'>cbaus,</span> <span class='ocrx_word' id='word_1_143' title='bbox 681 2042 760 2104; x_wconf 81' lang='lat' dir='ltr'>erebi</span> <span class='ocrx_word' id='word_1_144' title='bbox 775 2043 880 2124; x_wconf 85' lang='lat' dir='ltr'>orique</span> <span class='ocrx_word' id='word_1_145' title='bbox 895 2041 1036 2104; x_wconf 86' lang='lat' dir='ltr'>inundani</span> <span class='ocrx_word' id='word_1_146' title='bbox 1052 2041 1215 2122; x_wconf 74' lang='lat' dir='ltr'>genitorem</span> <span class='ocrx_word' id='word_1_147' title='bbox 1231 2040 1277 2103; x_wconf 84' lang='lat' dir='ltr'>illa</span> <span class='ocrx_word' id='word_1_148' title='bbox 1293 2041 1381 2104; x_wconf 86' lang='lat' dir='ltr'>altera</span> 
     </span>
     <span class='ocr_line' id='line_1_17' title="bbox 217 2141 1460 2226; baseline 0 -23"><span class='ocrx_word' id='word_1_149' title='bbox 217 2141 378 2223; x_wconf 78' lang='lat' dir='ltr'>ignorabat.</span> <span class='ocrx_word' id='word_1_150' title='bbox 415 2143 530 2218; x_wconf 80' lang='lat' dir='ltr'>Quodsi</span> <span class='ocrx_word' id='word_1_151' title='bbox 556 2145 592 2208; x_wconf 91' lang='lat' dir='ltr'>de</span> <span class='ocrx_word' id='word_1_152' title='bbox 616 2144 769 2226; x_wconf 84' lang='lat' dir='ltr'>utriusque</span> <span class='ocrx_word' id='word_1_153' title='bbox 789 2148 902 2208; x_wconf 82' lang='lat' dir='ltr'>termae</span> <span class='ocrx_word' id='word_1_154' title='bbox 921 2144 1091 2225; x_wconf 68' lang='lat' dir='ltr'>antiquitate</span> <span class='ocrx_word' id='word_1_155' title='bbox 1109 2141 1272 2223; x_wconf 87' lang='lat' dir='ltr'>quaeritur,</span> <span class='ocrx_word' id='word_1_156' title='bbox 1293 2151 1381 2204; x_wconf 88' lang='lat' dir='ltr'>testes</span> <span class='ocrx_word' id='word_1_157' title='bbox 1457 2168 1460 2173; x_wconf 42' lang='lat'>¹</span> 
     </span>
     <span class='ocr_line' id='line_1_18' title="bbox 218 2244 1381 2329; baseline -0.001 -22"><span class='ocrx_word' id='word_1_158' title='bbox 218 2256 296 2308; x_wconf 83' lang='lat' dir='ltr'>ocrte</span> <span class='ocrx_word' id='word_1_159' title='bbox 317 2244 392 2307; x_wconf 81' lang='lat' dir='ltr'>iliius</span> <span class='ocrx_word' id='word_1_160' title='bbox 412 2246 538 2328; x_wconf 81' lang='lat' dir='ltr'>uulgaris</span> <span class='ocrx_word' id='word_1_161' title='bbox 558 2247 705 2329; x_wconf 83' lang='lat' dir='ltr'>aliquanto</span> <span class='ocrx_word' id='word_1_162' title='bbox 728 2249 908 2311; x_wconf 75' lang='lat' dir='ltr'>recentiores</span> <span class='ocrx_word' id='word_1_163' title='bbox 924 2266 990 2309; x_wconf 89' lang='lat' dir='ltr'>esse</span> <span class='ocrx_word' id='word_1_164' title='bbox 1010 2244 1182 2326; x_wconf 86' lang='lat' dir='ltr'>reperinnts.</span> <span class='ocrx_word' id='word_1_165' title='bbox 1213 2244 1285 2306; x_wconf 81' lang='lat' dir='ltr'>Nam</span> <span class='ocrx_word' id='word_1_166' title='bbox 1302 2244 1381 2306; x_wconf 82' lang='lat' dir='ltr'>l&#39;ba·</span> 
     </span>
     <span class='ocr_line' id='line_1_19' title="bbox 217 2349 1381 2434; baseline -0.002 -23"><span class='ocrx_word' id='word_1_167' title='bbox 217 2349 292 2411; x_wconf 83' lang='lat' dir='ltr'>netis</span> <span class='ocrx_word' id='word_1_168' title='bbox 303 2367 341 2411; x_wconf 87' lang='lat' dir='ltr'>ne</span> <span class='ocrx_word' id='word_1_169' title='bbox 351 2366 461 2412; x_wconf 88' lang='lat' dir='ltr'>nomen</span> <span class='ocrx_word' id='word_1_170' title='bbox 473 2351 590 2432; x_wconf 85' lang='lat' dir='ltr'>cptidern</span> <span class='ocrx_word' id='word_1_171' title='bbox 604 2372 620 2414; x_wconf 89' lang='lat' dir='ltr'>a</span> <span class='ocrx_word' id='word_1_172' title='bbox 632 2361 919 2434; x_wconf 77' lang='lat' dir='ltr'>‹prsequamveternm</span> <span class='ocrx_word' id='word_1_173' title='bbox 931 2350 1106 2431; x_wconf 88' lang='lat' dir='ltr'>scriptorum</span> <span class='ocrx_word' id='word_1_174' title='bbox 1118 2356 1381 2410; x_wconf 89' lang='lat' dir='ltr'>commemoratum</span> 
     </span>
    </p>
   </div>
   <div class='ocr_carea' id='block_1_3' title="bbox 216 2433 1383 2847">
    <p class='ocr_par' dir='ltr' id='par_1_6' title="bbox 216 2433 1383 2723">
     <span class='ocr_line' id='line_1_20' title="bbox 217 2433 1382 2536; baseline -0.002 -21"><span class='ocrx_word' id='word_1_175' title='bbox 217 2461 263 2515; x_wconf 70' lang='lat' dir='ltr'>aa</span> <span class='ocrx_word' id='word_1_176' title='bbox 282 2452 526 2518; x_wconf 74' lang='lat' dir='ltr'>occultatorem</span> <span class='ocrx_word' id='word_1_177' title='bbox 547 2455 739 2536; x_wconf 73' lang='lat' dir='ltr'>quartoue</span> <span class='ocrx_word' id='word_1_178' title='bbox 761 2458 794 2517; x_wconf 90' lang='lat' dir='ltr'>n</span> <span class='ocrx_word' id='word_1_179' title='bbox 812 2455 924 2529; x_wconf 61' lang='lat' dir='ltr'>Soram,</span> <span class='ocrx_word' id='word_1_180' title='bbox 940 2472 1026 2536; x_wconf 76' lang='lat' dir='ltr'>qum</span> <span class='ocrx_word' id='word_1_181' title='bbox 1042 2450 1174 2532; x_wconf 62' lang='lat' dir='ltr'>asp-por</span> <span class='ocrx_word' id='word_1_182' title='bbox 1188 2433 1315 2513; x_wconf 72' lang='lat' dir='ltr'>osanne</span> <span class='ocrx_word' id='word_1_183' title='bbox 1325 2469 1382 2513; x_wconf 79' lang='lat' dir='ltr'>no-</span> 
     </span>
     <span class='ocr_line' id='line_1_21' title="bbox 216 2538 1383 2639; baseline -0.003 -20"><span class='ocrx_word' id='word_1_184' title='bbox 216 2557 296 2619; x_wconf 88' lang='lat' dir='ltr'>rnine</span> <span class='ocrx_word' id='word_1_185' title='bbox 311 2559 445 2632; x_wconf 91' lang='lat' dir='ltr'>adorent,</span> <span class='ocrx_word' id='word_1_186' title='bbox 460 2558 497 2620; x_wconf 91' lang='lat' dir='ltr'>ab</span> <span class='ocrx_word' id='word_1_187' title='bbox 513 2558 632 2639; x_wconf 84' lang='lat' dir='ltr'>Orpheo</span> <span class='ocrx_word' id='word_1_188' title='bbox 649 2558 809 2620; x_wconf 79' lang='lat' dir='ltr'>Pinnetem</span> <span class='ocrx_word' id='word_1_189' title='bbox 826 2565 856 2619; x_wconf 87' lang='lat' dir='ltr'>et</span> <span class='ocrx_word' id='word_1_190' title='bbox 869 2556 1030 2638; x_wconf 80' lang='lat' dir='ltr'>Dionysum</span> <span class='ocrx_word' id='word_1_191' title='bbox 1047 2555 1157 2618; x_wconf 86' lang='lat' dir='ltr'>dietum</span> <span class='ocrx_word' id='word_1_192' title='bbox 1170 2573 1237 2617; x_wconf 89' lang='lat' dir='ltr'>esse</span> <span class='ocrx_word' id='word_1_193' title='bbox 1252 2538 1383 2628; x_wconf 82' lang='lat' dir='ltr'>testatur,</span> 
     </span>
     <span class='ocr_line' id='line_1_22' title="bbox 218 2660 489 2723; baseline 0 -1"><span class='ocrx_word' id='word_1_194' title='bbox 218 2660 275 2723; x_wconf 86' lang='lat' dir='ltr'>boe</span> <span class='ocrx_word' id='word_1_195' title='bbox 289 2679 374 2723; x_wconf 78' lang='lat' dir='ltr'>uersu</span> <span class='ocrx_word' id='word_1_196' title='bbox 390 2661 489 2722; x_wconf 86' lang='lat' dir='ltr'>altato:</span> 
     </span>
    </p>

    <p class='ocr_par' dir='ltr' id='par_1_7' title="bbox 359 2754 1248 2847">
     <span class='ocr_line' id='line_1_23' title="bbox 359 2754 1248 2847; baseline -0.002 -22"><span class='ocrx_word' id='word_1_197' title='bbox 359 2754 505 2826; x_wconf 57' lang='lat' dir='ltr'>Tormenti</span> <span class='ocrx_word' id='word_1_198' title='bbox 525 2783 584 2844; x_wconf 78' lang='lat' dir='ltr'>pre</span> <span class='ocrx_word' id='word_1_199' title='bbox 598 2757 753 2827; x_wconf 67' lang='lat' dir='ltr'>retieret</span> <span class='ocrx_word' id='word_1_200' title='bbox 776 2754 913 2847; x_wconf 76' lang='grc' dir='ltr'><strong><em>Φάνητά</em></strong></span> <span class='ocrx_word' id='word_1_201' title='bbox 935 2756 1050 2825; x_wconf 81' lang='grc' dir='ltr'><strong><em>τεκαὶ</em></strong></span> <span class='ocrx_word' id='word_1_202' title='bbox 1073 2754 1248 2824; x_wconf 75' lang='grc' dir='ltr'><em>Διόνυσον.</em></span> 
     </span>
    </p>
   </div>
   <div class='ocr_carea' id='block_1_4' title="bbox 249 2935 516 2947">
    <p class='ocr_par' dir='ltr' id='par_1_8' title="bbox 249 2935 516 2947">
     <span class='ocr_line' id='line_1_24' title="bbox 249 2935 516 2947; baseline -0.004 -1"><span class='ocrx_word' id='word_1_203' title='bbox 249 2936 413 2947; x_wconf 78' lang='lat'>----—--—-</span> <span class='ocrx_word' id='word_1_204' title='bbox 428 2935 516 2945; x_wconf 42' lang='grc' dir='ltr'>ψὰ-</span> 
     </span>
    </p>
   </div>
   <div class='ocr_carea' id='block_1_5' title="bbox 217 3031 1385 4473">
    <p class='ocr_par' dir='ltr' id='par_1_9' title="bbox 217 3031 1384 3360">
     <span class='ocr_line' id='line_1_25' title="bbox 219 3031 1384 3103; baseline -0.004 -14"><span class='ocrx_word' id='word_1_205' title='bbox 219 3038 276 3090; x_wconf 72' lang='lat' dir='ltr'>tat.</span> <span class='ocrx_word' id='word_1_206' title='bbox 286 3037 550 3103; x_wconf 60' lang='lat' dir='ltr'>Lindum-bream</span> <span class='ocrx_word' id='word_1_207' title='bbox 560 3038 623 3089; x_wconf 81' lang='lat' dir='ltr'>nno</span> <span class='ocrx_word' id='word_1_208' title='bbox 634 3038 665 3087; x_wconf 88' lang='lat' dir='ltr'>de</span> <span class='ocrx_word' id='word_1_209' title='bbox 678 3037 701 3086; x_wconf 86' lang='lat' dir='ltr'>ia</span> <span class='ocrx_word' id='word_1_210' title='bbox 715 3036 805 3088; x_wconf 80' lang='lat' dir='ltr'>civilis.</span> <span class='ocrx_word' id='word_1_211' title='bbox 818 3052 880 3086; x_wconf 87' lang='lat' dir='ltr'>mor.</span> <span class='ocrx_word' id='word_1_212' title='bbox 894 3042 921 3087; x_wconf 91' lang='lat' dir='ltr'>et</span> <span class='ocrx_word' id='word_1_213' title='bbox 934 3035 1005 3099; x_wconf 82' lang='lat' dir='ltr'>relig.</span> <span class='ocrx_word' id='word_1_214' title='bbox 1019 3034 1064 3085; x_wconf 90' lang='lat' dir='ltr'>des</span> <span class='ocrx_word' id='word_1_215' title='bbox 1075 3033 1119 3084; x_wconf 83' lang='lat' dir='ltr'>Gr.</span> <span class='ocrx_word' id='word_1_216' title='bbox 1129 3032 1149 3084; x_wconf 93' lang='grc' dir='ltr'>ΙΙ</span> <span class='ocrx_word' id='word_1_217' title='bbox 1160 3050 1183 3101; x_wconf 89' lang='lat' dir='ltr'>p.</span> <span class='ocrx_word' id='word_1_218' title='bbox 1193 3033 1249 3083; x_wconf 83' lang='grc' dir='ltr'>ΙΙΙΙ.</span> <span class='ocrx_word' id='word_1_219' title='bbox 1263 3031 1285 3084; x_wconf 81' lang='lat' dir='ltr'>b&#39;</span> <span class='ocrx_word' id='word_1_220' title='bbox 1295 3048 1318 3099; x_wconf 91' lang='lat' dir='ltr'>p.</span> <span class='ocrx_word' id='word_1_221' title='bbox 1327 3031 1384 3084; x_wconf 79' lang='lat' dir='ltr'>ttt.</span> 
     </span>
     <span class='ocr_line' id='line_1_26' title="bbox 217 3117 1383 3189; baseline -0.006 -14"><span class='ocrx_word' id='word_1_222' title='bbox 217 3125 250 3177; x_wconf 80' lang='lat' dir='ltr'>cf.</span> <span class='ocrx_word' id='word_1_223' title='bbox 259 3126 362 3176; x_wconf 81' lang='lat' dir='ltr'>dissert.</span> <span class='ocrx_word' id='word_1_224' title='bbox 375 3131 455 3176; x_wconf 87' lang='lat' dir='ltr'>nostr.</span> <span class='ocrx_word' id='word_1_225' title='bbox 464 3123 495 3175; x_wconf 88' lang='lat' dir='ltr'>de</span> <span class='ocrx_word' id='word_1_226' title='bbox 505 3122 623 3173; x_wconf 75' lang='lat' dir='ltr'>Orc-arrio.</span> <span class='ocrx_word' id='word_1_227' title='bbox 637 3128 663 3172; x_wconf 89' lang='lat' dir='ltr'>et</span> <span class='ocrx_word' id='word_1_228' title='bbox 672 3120 733 3172; x_wconf 76' lang='lat' dir='ltr'>Ner.</span> <span class='ocrx_word' id='word_1_229' title='bbox 747 3123 821 3173; x_wconf 84' lang='lat' dir='ltr'>catal.</span> <span class='ocrx_word' id='word_1_230' title='bbox 832 3122 891 3173; x_wconf 83' lang='lat' dir='ltr'>lies.</span> <span class='ocrx_word' id='word_1_231' title='bbox 905 3138 927 3189; x_wconf 89' lang='lat' dir='ltr'>p.</span> <span class='ocrx_word' id='word_1_232' title='bbox 941 3121 980 3172; x_wconf 88' lang='lat' dir='ltr'>tt.</span> <span class='ocrx_word' id='word_1_233' title='bbox 991 3148 1026 3158; x_wconf 93' lang='lat'><em>—</em></span> <span class='ocrx_word' id='word_1_234' title='bbox 1038 3120 1074 3170; x_wconf 85' lang='lat' dir='ltr'>De</span> <span class='ocrx_word' id='word_1_235' title='bbox 1085 3120 1221 3186; x_wconf 85' lang='lat' dir='ltr'>(tpbiorrea,</span> <span class='ocrx_word' id='word_1_236' title='bbox 1233 3133 1306 3184; x_wconf 77' lang='lat' dir='ltr'>quiem</span> <span class='ocrx_word' id='word_1_237' title='bbox 1318 3117 1383 3169; x_wconf 81' lang='lat' dir='ltr'>l‘be·</span> 
     </span>
     <span class='ocr_line' id='line_1_27' title="bbox 219 3202 1383 3280; baseline -0.007 -18"><span class='ocrx_word' id='word_1_238' title='bbox 219 3212 325 3280; x_wconf 66' lang='lat' dir='ltr'>recpdes</span> <span class='ocrx_word' id='word_1_239' title='bbox 342 3211 453 3273; x_wconf 80' lang='lat' dir='ltr'>induxit,</span> <span class='ocrx_word' id='word_1_240' title='bbox 469 3224 485 3259; x_wconf 82' lang='grc' dir='ltr'>ι</span> <span class='ocrx_word' id='word_1_241' title='bbox 498 3208 608 3260; x_wconf 84' lang='lat' dir='ltr'>Saturno</span> <span class='ocrx_word' id='word_1_242' title='bbox 625 3206 764 3273; x_wconf 79' lang='lat' dir='ltr'>debellato,</span> <span class='ocrx_word' id='word_1_243' title='bbox 778 3207 810 3258; x_wconf 80' lang='lat' dir='ltr'>ci.</span> <span class='ocrx_word' id='word_1_244' title='bbox 823 3208 909 3259; x_wconf 77' lang='lat' dir='ltr'>Stura.</span> <span class='ocrx_word' id='word_1_245' title='bbox 923 3206 1064 3275; x_wconf 69' lang='lat' dir='ltr'>l&#39;bcrecpd.</span> <span class='ocrx_word' id='word_1_246' title='bbox 1078 3223 1100 3272; x_wconf 90' lang='lat' dir='ltr'>p.</span> <span class='ocrx_word' id='word_1_247' title='bbox 1112 3204 1141 3255; x_wconf 81' lang='lat' dir='ltr'>st</span> <span class='ocrx_word' id='word_1_248' title='bbox 1163 3220 1216 3272; x_wconf 80' lang='lat' dir='ltr'>sqq.</span> <span class='ocrx_word' id='word_1_249' title='bbox 1232 3202 1341 3254; x_wconf 84' lang='lat' dir='ltr'>Preticr.</span> <span class='ocrx_word' id='word_1_250' title='bbox 1358 3202 1383 3254; x_wconf 89' lang='lat' dir='ltr'>in</span> 
     </span>
     <span class='ocr_line' id='line_1_28' title="bbox 220 3288 1324 3360; baseline -0.009 -11"><span class='ocrx_word' id='word_1_251' title='bbox 220 3296 308 3349; x_wconf 79' lang='lat' dir='ltr'>Museo</span> <span class='ocrx_word' id='word_1_252' title='bbox 320 3298 398 3350; x_wconf 83' lang='lat' dir='ltr'>libro.</span> <span class='ocrx_word' id='word_1_253' title='bbox 411 3312 468 3347; x_wconf 86' lang='lat' dir='ltr'>ann.</span> <span class='ocrx_word' id='word_1_254' title='bbox 484 3294 557 3346; x_wconf 74' lang='lat' dir='ltr'>tsttt.</span> <span class='ocrx_word' id='word_1_255' title='bbox 571 3292 604 3344; x_wconf 80' lang='lat' dir='ltr'>ib&#39;</span> <span class='ocrx_word' id='word_1_256' title='bbox 617 3311 641 3360; x_wconf 93' lang='lat' dir='ltr'>p.</span> <span class='ocrx_word' id='word_1_257' title='bbox 651 3292 700 3342; x_wconf 77' lang='lat' dir='ltr'>‘ort</span> <span class='ocrx_word' id='word_1_258' title='bbox 714 3309 767 3360; x_wconf 80' lang='lat' dir='ltr'>sqq.</span> <span class='ocrx_word' id='word_1_259' title='bbox 780 3300 807 3344; x_wconf 81' lang='lat' dir='ltr'>et</span> <span class='ocrx_word' id='word_1_260' title='bbox 819 3293 1003 3345; x_wconf 77' lang='lat' dir='ltr'>Schneidewin.</span> <span class='ocrx_word' id='word_1_261' title='bbox 1016 3291 1138 3353; x_wconf 82' lang='lat' dir='ltr'>Pbiioiog.</span> <span class='ocrx_word' id='word_1_262' title='bbox 1152 3288 1191 3351; x_wconf 87' lang='grc' dir='ltr'>ΙΙΙ,</span> <span class='ocrx_word' id='word_1_263' title='bbox 1204 3288 1219 3338; x_wconf 84' lang='grc'><strong>2</strong></span> <span class='ocrx_word' id='word_1_264' title='bbox 1232 3304 1256 3355; x_wconf 88' lang='lat' dir='ltr'>p.</span> <span class='ocrx_word' id='word_1_265' title='bbox 1266 3288 1324 3339; x_wconf 76' lang='lat'>252.</span> 
     </span>
    </p>

    <p class='ocr_par' dir='ltr' id='par_1_10' title="bbox 220 3374 1385 4473">
     <span class='ocr_line' id='line_1_29' title="bbox 287 3374 1383 3448; baseline -0.007 -14"><span class='ocrx_word' id='word_1_266' title='bbox 287 3384 329 3448; x_wconf 78' lang='lat'>20)</span> <span class='ocrx_word' id='word_1_267' title='bbox 342 3383 497 3434; x_wconf 79' lang='lat' dir='ltr'>Christianos</span> <span class='ocrx_word' id='word_1_268' title='bbox 511 3380 629 3448; x_wconf 85' lang='lat' dir='ltr'>imprimis</span> <span class='ocrx_word' id='word_1_269' title='bbox 639 3379 778 3446; x_wconf 77' lang='lat' dir='ltr'>scriptores</span> <span class='ocrx_word' id='word_1_270' title='bbox 788 3377 942 3429; x_wconf 87' lang='lat' dir='ltr'>Graecorum</span> <span class='ocrx_word' id='word_1_271' title='bbox 955 3378 1060 3443; x_wconf 77' lang='lat' dir='ltr'>fabulas,</span> <span class='ocrx_word' id='word_1_272' title='bbox 1072 3376 1159 3443; x_wconf 88' lang='lat' dir='ltr'>impias</span> <span class='ocrx_word' id='word_1_273' title='bbox 1169 3374 1267 3426; x_wconf 84' lang='lat' dir='ltr'>seilicet</span> <span class='ocrx_word' id='word_1_274' title='bbox 1275 3382 1320 3425; x_wconf 89' lang='lat' dir='ltr'>aut</span> <span class='ocrx_word' id='word_1_275' title='bbox 1329 3376 1383 3426; x_wconf 89' lang='lat' dir='ltr'>aui-</span> 
     </span>
     <span class='ocr_line' id='line_1_30' title="bbox 220 3459 1384 3531; baseline -0.006 -13"><span class='ocrx_word' id='word_1_276' title='bbox 220 3467 271 3529; x_wconf 75' lang='lat' dir='ltr'>tes,</span> <span class='ocrx_word' id='word_1_277' title='bbox 286 3485 334 3519; x_wconf 77' lang='lat' dir='ltr'>nera</span> <span class='ocrx_word' id='word_1_278' title='bbox 350 3469 479 3519; x_wconf 79' lang='lat' dir='ltr'>admcrduru</span> <span class='ocrx_word' id='word_1_279' title='bbox 495 3466 615 3531; x_wconf 71' lang='lat' dir='ltr'>religiose</span> <span class='ocrx_word' id='word_1_280' title='bbox 633 3466 731 3518; x_wconf 79' lang='lat' dir='ltr'>reterre</span> <span class='ocrx_word' id='word_1_281' title='bbox 746 3464 836 3516; x_wconf 87' lang='lat' dir='ltr'>soiitos</span> <span class='ocrx_word' id='word_1_282' title='bbox 852 3481 923 3531; x_wconf 81' lang='lat' dir='ltr'>esse,</span> <span class='ocrx_word' id='word_1_283' title='bbox 941 3466 1062 3516; x_wconf 88' lang='lat' dir='ltr'>neminem</span> <span class='ocrx_word' id='word_1_284' title='bbox 1079 3461 1156 3526; x_wconf 77' lang='lat' dir='ltr'>sugit:</span> <span class='ocrx_word' id='word_1_285' title='bbox 1175 3460 1210 3511; x_wconf 90' lang='lat' dir='ltr'>ita</span> <span class='ocrx_word' id='word_1_286' title='bbox 1229 3460 1253 3511; x_wconf 87' lang='lat' dir='ltr'>iu</span> <span class='ocrx_word' id='word_1_287' title='bbox 1268 3459 1384 3527; x_wconf 79' lang='lat' dir='ltr'>Orpbieis</span> 
     </span>
     <span class='ocr_line' id='line_1_31' title="bbox 221 3544 1384 3619; baseline -0.008 -16"><span class='ocrx_word' id='word_1_288' title='bbox 221 3554 334 3604; x_wconf 71' lang='lat' dir='ltr'>etonem</span> <span class='ocrx_word' id='word_1_289' title='bbox 351 3551 421 3603; x_wconf 75' lang='lat' dir='ltr'>ttoni.</span> <span class='ocrx_word' id='word_1_290' title='bbox 439 3551 547 3617; x_wconf 80' lang='lat' dir='ltr'>borago.</span> <span class='ocrx_word' id='word_1_291' title='bbox 567 3550 592 3602; x_wconf 82' lang='grc' dir='ltr'><strong>Χ</strong></span> <span class='ocrx_word' id='word_1_292' title='bbox 610 3568 633 3619; x_wconf 89' lang='lat' dir='ltr'>p.</span> <span class='ocrx_word' id='word_1_293' title='bbox 646 3550 696 3601; x_wconf 79' lang='lat' dir='ltr'>tut</span> <span class='ocrx_word' id='word_1_294' title='bbox 711 3550 750 3601; x_wconf 91' lang='lat' dir='ltr'>ed.</span> <span class='ocrx_word' id='word_1_295' title='bbox 770 3548 850 3602; x_wconf 80' lang='lat' dir='ltr'>Cetei.</span> <span class='ocrx_word' id='word_1_296' title='bbox 870 3553 949 3619; x_wconf 89' lang='lat' dir='ltr'>(patr.</span> <span class='ocrx_word' id='word_1_297' title='bbox 964 3556 1046 3616; x_wconf 71' lang='lat' dir='ltr'>apost.</span> <span class='ocrx_word' id='word_1_298' title='bbox 1065 3556 1123 3600; x_wconf 92' lang='lat' dir='ltr'>tom.</span> <span class='ocrx_word' id='word_1_299' title='bbox 1135 3545 1158 3602; x_wconf 91' lang='lat' dir='ltr'>tt</span> <span class='ocrx_word' id='word_1_300' title='bbox 1174 3562 1222 3595; x_wconf 89' lang='lat' dir='ltr'>non</span> <span class='ocrx_word' id='word_1_301' title='bbox 1239 3544 1384 3596; x_wconf 80' lang='lat' dir='ltr'>accuratior</span> 
     </span>
     <span class='ocr_line' id='line_1_32' title="bbox 222 3627 1381 3704; baseline -0.008 -16"><span class='ocrx_word' id='word_1_302' title='bbox 222 3637 299 3688; x_wconf 75' lang='lat' dir='ltr'>tuisse</span> <span class='ocrx_word' id='word_1_303' title='bbox 311 3638 451 3689; x_wconf 85' lang='lat' dir='ltr'>censendus</span> <span class='ocrx_word' id='word_1_304' title='bbox 463 3645 510 3701; x_wconf 88' lang='lat' dir='ltr'>est,</span> <span class='ocrx_word' id='word_1_305' title='bbox 524 3653 596 3704; x_wconf 80' lang='lat' dir='ltr'>quam</span> <span class='ocrx_word' id='word_1_306' title='bbox 609 3636 633 3687; x_wconf 89' lang='lat' dir='ltr'>in</span> <span class='ocrx_word' id='word_1_307' title='bbox 646 3635 792 3700; x_wconf 73' lang='lat' dir='ltr'>tto-storeis,</span> <span class='ocrx_word' id='word_1_308' title='bbox 804 3652 868 3703; x_wconf 82' lang='lat' dir='ltr'>quae</span> <span class='ocrx_word' id='word_1_309' title='bbox 882 3637 940 3687; x_wconf 86' lang='lat' dir='ltr'>ibid.</span> <span class='ocrx_word' id='word_1_310' title='bbox 951 3652 974 3703; x_wconf 89' lang='lat' dir='ltr'>p.</span> <span class='ocrx_word' id='word_1_311' title='bbox 985 3635 1034 3685; x_wconf 76' lang='grc'>595</span> <span class='ocrx_word' id='word_1_312' title='bbox 1048 3631 1209 3692; x_wconf 67' lang='lat' dir='ltr'>renuuntur,</span> <span class='ocrx_word' id='word_1_313' title='bbox 1223 3627 1381 3680; x_wconf 84' lang='lat' dir='ltr'>Tiruetbeum</span> 
     </span>
     <span class='ocr_line' id='line_1_33' title="bbox 220 3714 1379 3789; baseline -0.007 -17"><span class='ocrx_word' id='word_1_314' title='bbox 220 3729 316 3785; x_wconf 85' lang='lat' dir='ltr'>autem,</span> <span class='ocrx_word' id='word_1_315' title='bbox 329 3739 376 3789; x_wconf 80' lang='lat' dir='ltr'>quo</span> <span class='ocrx_word' id='word_1_316' title='bbox 388 3730 491 3774; x_wconf 80' lang='lat' dir='ltr'>auctare</span> <span class='ocrx_word' id='word_1_317' title='bbox 503 3721 538 3773; x_wconf 86' lang='grc' dir='ltr'>Ιο.</span> <span class='ocrx_word' id='word_1_318' title='bbox 552 3720 659 3773; x_wconf 82' lang='lat' dir='ltr'>biaiuias</span> <span class='ocrx_word' id='word_1_319' title='bbox 672 3722 764 3772; x_wconf 88' lang='lat' dir='ltr'>Cbron.</span> <span class='ocrx_word' id='word_1_320' title='bbox 774 3719 808 3773; x_wconf 71' lang='grc' dir='ltr'>ΙΙΙ</span> <span class='ocrx_word' id='word_1_321' title='bbox 821 3737 844 3789; x_wconf 88' lang='lat' dir='ltr'>p.</span> <span class='ocrx_word' id='word_1_322' title='bbox 855 3718 966 3771; x_wconf 79' lang='lat' dir='ltr'>t·t-·ttt</span> <span class='ocrx_word' id='word_1_323' title='bbox 978 3719 1017 3768; x_wconf 90' lang='lat' dir='ltr'>ed.</span> <span class='ocrx_word' id='word_1_324' title='bbox 1033 3718 1110 3767; x_wconf 86' lang='lat' dir='ltr'>bonu.</span> <span class='ocrx_word' id='word_1_325' title='bbox 1123 3722 1150 3767; x_wconf 88' lang='lat' dir='ltr'>et</span> <span class='ocrx_word' id='word_1_326' title='bbox 1159 3716 1287 3765; x_wconf 77' lang='lat' dir='ltr'>cedrenus</span> <span class='ocrx_word' id='word_1_327' title='bbox 1300 3720 1323 3780; x_wconf 86' lang='lat' dir='ltr'>p.</span> <span class='ocrx_word' id='word_1_328' title='bbox 1336 3714 1379 3764; x_wconf 84' lang='lat' dir='ltr'>tot</span> 
     </span>
     <span class='ocr_line' id='line_1_34' title="bbox 223 3799 1385 3873; baseline -0.005 -18"><span class='ocrx_word' id='word_1_329' title='bbox 223 3807 254 3856; x_wconf 90' lang='lat' dir='ltr'>de</span> <span class='ocrx_word' id='word_1_330' title='bbox 264 3807 364 3873; x_wconf 74' lang='lat' dir='ltr'>Orpheo</span> <span class='ocrx_word' id='word_1_331' title='bbox 376 3808 501 3869; x_wconf 78' lang='lat' dir='ltr'>referunt,</span> <span class='ocrx_word' id='word_1_332' title='bbox 518 3807 639 3873; x_wconf 77' lang='lat' dir='ltr'>Orphicas</span> <span class='ocrx_word' id='word_1_333' title='bbox 652 3805 750 3858; x_wconf 70' lang='lat' dir='ltr'>tabutas</span> <span class='ocrx_word' id='word_1_334' title='bbox 763 3806 787 3857; x_wconf 89' lang='lat' dir='ltr'>in</span> <span class='ocrx_word' id='word_1_335' title='bbox 800 3808 920 3873; x_wconf 83' lang='lat' dir='ltr'>quarrdarn</span> <span class='ocrx_word' id='word_1_336' title='bbox 931 3803 1129 3854; x_wconf 83' lang='lat' dir='ltr'>Christianorum</span> <span class='ocrx_word' id='word_1_337' title='bbox 1142 3801 1283 3864; x_wconf 86' lang='lat' dir='ltr'>dogmatum</span> <span class='ocrx_word' id='word_1_338' title='bbox 1297 3799 1385 3850; x_wconf 85' lang='lat' dir='ltr'>simiti-</span> 
     </span>
     <span class='ocr_line' id='line_1_35' title="bbox 222 3884 1383 3957; baseline -0.006 -17"><span class='ocrx_word' id='word_1_339' title='bbox 222 3891 331 3941; x_wconf 84' lang='lat' dir='ltr'>tudinem</span> <span class='ocrx_word' id='word_1_340' title='bbox 340 3892 480 3943; x_wconf 73' lang='lat' dir='ltr'>tttnrntoe</span> <span class='ocrx_word' id='word_1_341' title='bbox 489 3892 646 3943; x_wconf 76' lang='lat' dir='ltr'>manifestum</span> <span class='ocrx_word' id='word_1_342' title='bbox 659 3899 713 3956; x_wconf 85' lang='lat' dir='ltr'>cst,</span> <span class='ocrx_word' id='word_1_343' title='bbox 730 3898 892 3957; x_wconf 79' lang='lat' dir='ltr'>notatumque</span> <span class='ocrx_word' id='word_1_344' title='bbox 909 3888 941 3940; x_wconf 91' lang='lat' dir='ltr'>ab</span> <span class='ocrx_word' id='word_1_345' title='bbox 954 3886 1141 3939; x_wconf 80' lang='lat' dir='ltr'>Esclrenbaebio</span> <span class='ocrx_word' id='word_1_346' title='bbox 1154 3886 1177 3936; x_wconf 89' lang='lat' dir='ltr'>iu</span> <span class='ocrx_word' id='word_1_347' title='bbox 1191 3884 1302 3950; x_wconf 75' lang='lat' dir='ltr'>Epigono</span> <span class='ocrx_word' id='word_1_348' title='bbox 1315 3899 1339 3950; x_wconf 90' lang='lat' dir='ltr'>p.</span> <span class='ocrx_word' id='word_1_349' title='bbox 1350 3884 1383 3933; x_wconf 80' lang='grc' dir='ltr'>ΙΙΙΙ</span> 
     </span>
     <span class='ocr_line' id='line_1_36' title="bbox 222 3968 1383 4044; baseline -0.005 -19"><span class='ocrx_word' id='word_1_350' title='bbox 222 3982 249 4025; x_wconf 80' lang='lat' dir='ltr'>ct</span> <span class='ocrx_word' id='word_1_351' title='bbox 262 3974 396 4026; x_wconf 74' lang='lat' dir='ltr'>ttosneoto</span> <span class='ocrx_word' id='word_1_352' title='bbox 408 3979 439 4028; x_wconf 88' lang='lat' dir='ltr'>ad</span> <span class='ocrx_word' id='word_1_353' title='bbox 449 3978 592 4027; x_wconf 74' lang='lat' dir='ltr'>tludoortb.</span> <span class='ocrx_word' id='word_1_354' title='bbox 605 3984 710 4044; x_wconf 72' lang='lat' dir='ltr'>spstcrur.</span> <span class='ocrx_word' id='word_1_355' title='bbox 724 3976 803 4028; x_wconf 85' lang='lat' dir='ltr'>iotoii.</span> <span class='ocrx_word' id='word_1_356' title='bbox 818 3993 842 4044; x_wconf 88' lang='lat' dir='ltr'>p.</span> <span class='ocrx_word' id='word_1_357' title='bbox 853 3974 901 4025; x_wconf 82' lang='grc' dir='ltr'>3-Ιῖ</span> <span class='ocrx_word' id='word_1_358' title='bbox 915 3981 967 4025; x_wconf 86' lang='lat' dir='ltr'>aiot.</span> <span class='ocrx_word' id='word_1_359' title='bbox 981 3972 1023 4022; x_wconf 72' lang='lat' dir='ltr'>dd.</span> <span class='ocrx_word' id='word_1_360' title='bbox 1046 3971 1085 4022; x_wconf 80' lang='lat' dir='ltr'>Ex</span> <span class='ocrx_word' id='word_1_361' title='bbox 1095 3969 1225 4022; x_wconf 83' lang='lat' dir='ltr'>&#39;l&#39;irrtotbeo</span> <span class='ocrx_word' id='word_1_362' title='bbox 1238 3968 1315 4019; x_wconf 80' lang='lat' dir='ltr'>etiarn</span> <span class='ocrx_word' id='word_1_363' title='bbox 1325 3969 1383 4020; x_wconf 83' lang='lat' dir='ltr'>Sui·</span> 
     </span>
     <span class='ocr_line' id='line_1_37' title="bbox 225 4052 1382 4127; baseline -0.006 -18"><span class='ocrx_word' id='word_1_364' title='bbox 225 4060 280 4109; x_wconf 88' lang='lat' dir='ltr'>dara</span> <span class='ocrx_word' id='word_1_365' title='bbox 293 4075 338 4110; x_wconf 83' lang='lat' dir='ltr'>sua</span> <span class='ocrx_word' id='word_1_366' title='bbox 355 4061 467 4113; x_wconf 80' lang='lat' dir='ltr'>transisse.</span> <span class='ocrx_word' id='word_1_367' title='bbox 476 4060 634 4111; x_wconf 85' lang='lat' dir='ltr'>crediderim.</span> <span class='ocrx_word' id='word_1_368' title='bbox 659 4061 729 4127; x_wconf 77' lang='lat' dir='ltr'>Quae</span> <span class='ocrx_word' id='word_1_369' title='bbox 746 4062 920 4125; x_wconf 75' lang='lat' dir='ltr'>Athenagoras</span> <span class='ocrx_word' id='word_1_370' title='bbox 938 4057 1030 4121; x_wconf 78' lang='lat' dir='ltr'>refert,</span> <span class='ocrx_word' id='word_1_371' title='bbox 1045 4057 1132 4107; x_wconf 90' lang='lat' dir='ltr'>borum</span> <span class='ocrx_word' id='word_1_372' title='bbox 1145 4053 1244 4123; x_wconf 79' lang='lat' dir='ltr'>prrsad</span> <span class='ocrx_word' id='word_1_373' title='bbox 1257 4052 1382 4122; x_wconf 77' lang='lat' dir='ltr'>Hierony-</span> 
     </span>
     <span class='ocr_line' id='line_1_38' title="bbox 222 4139 1382 4213; baseline -0.004 -17"><span class='ocrx_word' id='word_1_374' title='bbox 222 4146 317 4209; x_wconf 80' lang='lat' dir='ltr'>micam,</span> <span class='ocrx_word' id='word_1_375' title='bbox 330 4154 490 4212; x_wconf 71' lang='lat' dir='ltr'>pauentem,</span> <span class='ocrx_word' id='word_1_376' title='bbox 502 4145 653 4197; x_wconf 82' lang='lat' dir='ltr'>del&#39;bauete</span> <span class='ocrx_word' id='word_1_377' title='bbox 667 4161 690 4213; x_wconf 90' lang='lat' dir='ltr'>p.</span> <span class='ocrx_word' id='word_1_378' title='bbox 703 4145 749 4196; x_wconf 79' lang='lat' dir='ltr'>tre</span> <span class='ocrx_word' id='word_1_379' title='bbox 762 4145 897 4209; x_wconf 77' lang='lat' dir='ltr'>ttecteotr,</span> <span class='ocrx_word' id='word_1_380' title='bbox 909 4145 940 4195; x_wconf 83' lang='lat' dir='ltr'>ad</span> <span class='ocrx_word' id='word_1_381' title='bbox 953 4142 1083 4208; x_wconf 77' lang='lat' dir='ltr'>vulgarem</span> <span class='ocrx_word' id='word_1_382' title='bbox 1096 4139 1253 4207; x_wconf 82' lang='lat' dir='ltr'>ttreogoaiaru</span> <span class='ocrx_word' id='word_1_383' title='bbox 1265 4139 1382 4206; x_wconf 79' lang='lat' dir='ltr'>pertinet</span> 
     </span>
     <span class='ocr_line' id='line_1_39' title="bbox 222 4219 1384 4299; baseline -0.002 -17"><span class='ocrx_word' id='word_1_384' title='bbox 222 4230 331 4282; x_wconf 63' lang='lat' dir='ltr'>Radere</span> <span class='ocrx_word' id='word_1_385' title='bbox 350 4231 463 4297; x_wconf 79' lang='lat' dir='ltr'>sequitur</span> <span class='ocrx_word' id='word_1_386' title='bbox 474 4230 698 4295; x_wconf 81' lang='lat' dir='ltr'>Argonautieormu</span> <span class='ocrx_word' id='word_1_387' title='bbox 710 4239 784 4299; x_wconf 85' lang='lat' dir='ltr'>poeta</span> <span class='ocrx_word' id='word_1_388' title='bbox 797 4249 822 4282; x_wconf 87' lang='lat' dir='ltr'>v.</span> <span class='ocrx_word' id='word_1_389' title='bbox 838 4232 868 4283; x_wconf 81' lang='lat' dir='ltr'>tt</span> <span class='ocrx_word' id='word_1_390' title='bbox 880 4247 934 4299; x_wconf 77' lang='lat' dir='ltr'>sqq.</span> <span class='ocrx_word' id='word_1_391' title='bbox 947 4230 988 4282; x_wconf 92' lang='lat' dir='ltr'>ubi</span> <span class='ocrx_word' id='word_1_392' title='bbox 1001 4246 1046 4298; x_wconf 86' lang='lat' dir='ltr'>pru</span> <span class='ocrx_word' id='word_1_393' title='bbox 1059 4222 1173 4297; x_wconf 75' lang='grc' dir='ltr'><em>Κρόνον</em></span> <span class='ocrx_word' id='word_1_394' title='bbox 1183 4242 1208 4278; x_wconf 83' lang='lat' dir='ltr'>v.</span> <span class='ocrx_word' id='word_1_395' title='bbox 1224 4224 1255 4276; x_wconf 77' lang='grc'>13</span> <span class='ocrx_word' id='word_1_396' title='bbox 1270 4219 1384 4296; x_wconf 76' lang='grc' dir='ltr'><strong><em>Χρόνον</em></strong></span> 
     </span>
     <span class='ocr_line' id='line_1_40' title="bbox 221 4312 1383 4385; baseline -0.003 -17"><span class='ocrx_word' id='word_1_397' title='bbox 221 4315 417 4380; x_wconf 60' lang='lat' dir='ltr'>ascribendum,</span> <span class='ocrx_word' id='word_1_398' title='bbox 427 4331 452 4367; x_wconf 86' lang='lat' dir='ltr'>r.</span> <span class='ocrx_word' id='word_1_399' title='bbox 464 4315 494 4366; x_wconf 80' lang='lat' dir='ltr'>lb</span> <span class='ocrx_word' id='word_1_400' title='bbox 505 4322 589 4366; x_wconf 69' lang='lat' dir='ltr'>summ</span> <span class='ocrx_word' id='word_1_401' title='bbox 601 4316 758 4369; x_wconf 84' lang='lat' dir='ltr'>restituenda</span> <span class='ocrx_word' id='word_1_402' title='bbox 770 4324 811 4369; x_wconf 88' lang='lat' dir='ltr'>est</span> <span class='ocrx_word' id='word_1_403' title='bbox 823 4318 930 4370; x_wconf 81' lang='lat' dir='ltr'>omnium</span> <span class='ocrx_word' id='word_1_404' title='bbox 939 4317 1050 4368; x_wconf 79' lang='lat' dir='ltr'>eattmn</span> <span class='ocrx_word' id='word_1_405' title='bbox 1059 4314 1135 4367; x_wconf 76' lang='lat' dir='ltr'>tertia</span> <span class='ocrx_word' id='word_1_406' title='bbox 1149 4313 1266 4385; x_wconf 73' lang='grc' dir='ltr'>πατέρα,</span> <span class='ocrx_word' id='word_1_407' title='bbox 1277 4312 1309 4365; x_wconf 85' lang='lat' dir='ltr'>ab</span> <span class='ocrx_word' id='word_1_408' title='bbox 1319 4312 1383 4365; x_wconf 79' lang='lat' dir='ltr'>Her·</span> 
     </span>
     <span class='ocr_line' id='line_1_41' title="bbox 220 4391 1054 4473; baseline -0.006 -16"><span class='ocrx_word' id='word_1_409' title='bbox 220 4417 310 4457; x_wconf 76' lang='lat' dir='ltr'>mae</span> <span class='ocrx_word' id='word_1_410' title='bbox 322 4402 452 4455; x_wconf 71' lang='lat' dir='ltr'>torrenta</span> <span class='ocrx_word' id='word_1_411' title='bbox 465 4391 511 4452; x_wconf 80' lang='grc' dir='ltr'>υἷα</span> <span class='ocrx_word' id='word_1_412' title='bbox 522 4408 625 4454; x_wconf 81' lang='lat' dir='ltr'>mutata.</span> <span class='ocrx_word' id='word_1_413' title='bbox 649 4400 806 4455; x_wconf 62' lang='lat' dir='ltr'>(lideberi.</span> <span class='ocrx_word' id='word_1_414' title='bbox 820 4402 904 4473; x_wconf 70' lang='lat' dir='ltr'>pist</span> <span class='ocrx_word' id='word_1_415' title='bbox 916 4410 944 4455; x_wconf 84' lang='lat' dir='ltr'>et</span> <span class='ocrx_word' id='word_1_416' title='bbox 955 4400 1016 4454; x_wconf 77' lang='lat' dir='ltr'>tta.</span> <span class='ocrx_word' id='word_1_417' title='bbox 1049 4432 1054 4443; x_wconf 86' lang='lat'><strong>·</strong></span> 
     </span>
    </p>
   </div>
   <div class='ocr_carea' id='block_1_6' title="bbox 0 0 1492 4808">
    <p class='ocr_par' dir='ltr' id='par_1_11' title="bbox 0 0 1492 4808">
     <span class='ocr_line' id='line_1_42' title="bbox 0 0 1492 4808; baseline 0 0"><span class='ocrx_word' id='word_1_418' title='bbox 0 0 1492 4808; x_wconf 95' lang='lat' dir='ltr'> </span> 
     </span>
    </p>
   </div>
  </div>
 </body>
</html>
