2962 4808
618 434 747 536 ..„-..¹.t⁸
784 528 818 534 ..

136 640 334 711 oratoremque
348 627 505 712 significari
520 629 602 694 aiunt
616 650 670 696 eeu
684 631 799 703 laureo,
814 627 894 693 uude
909 626 991 709 ignes
1005 633 1180 711 erumpoutt
1189 630 1235 707 ⁸l‘·
1254 626 1300 692 alii

136 732 259 796 olubitari
286 751 347 796 uon
373 753 463 816 posse
487 743 653 811 autumant,
679 733 750 818 quin
772 727 936 818 Κέρβερος
960 732 1031 797 nibil
1056 732 1133 797 oliuol
1153 731 1192 796 sit
1212 751 1299 816 quam

137 828 316 920 Ἕσπερος,
337 837 443 919 spiritu
461 837 492 901 lu
512 848 632 903 tenuem
649 839 819 923 palatinam,
839 837 973 900 sibilante
988 837 1018 900 iu
1038 837 1187 910 caninam,
1207 837 1300 902 labioli

138 939 215 1003 tenori
234 939 264 1002 in
285 940 411 1003 mediam
430 942 622 1021 ututatis⁰⁰);
642 943 689 1007 alii
705 943 833 1025 oleuique
849 934 1016 1025 Κέρβερον
1029 962 1064 1004 on
1080 942 1176 1005 Erebo
1192 960 1300 1005 nomeu
1326 967 1328 971 ’

137 1043 244 1106 babere.
255 1044 365 1118 uolunt,
380 1044 462 1126 (prasi
476 1035 659 1132 'lipeqieprifl
669 1051 716 1123 ⁰):
731 1065 806 1129 quae
821 1045 921 1107 onmia
935 1044 1080 1108 eiusmodi
1096 1054 1176 1118 oum,
1192 1055 1224 1108 ut
1238 1064 1299 1107 nom

138 1146 288 1221 orirentur,
298 1147 323 1210 si
337 1147 413 1230 quis,
425 1148 576 1230 desperata
589 1150 734 1232 probabili
745 1169 782 1213 ex
794 1167 899 1230 gruem
910 1149 1160 1231 interpretatione,
1168 1150 1203 1212 aol
1216 1168 1302 1231 pere·

137 1250 237 1330 quinas
259 1249 373 1330 linguas
394 1251 554 1331 eoubrqiat.
583 1253 658 1317 Natu
675 1273 712 1317 ne
727 1255 764 1316 olo
778 1252 889 1315 clerico
905 1252 1014 1326 dicatu,
1035 1252 1084 1332 qul
1104 1244 1301 1315 llerbrooeb

137 1353 308 1434 proposuit,
323 1372 358 1415 ea
374 1352 536 1416 l‘boeulele
554 1355 651 1430 lomb,
666 1359 745 1439 optotl
762 1355 955 1440 proelium,
970 1364 999 1417 et
1013 1356 1135 1430 roseln,
1150 1355 1230 1437 quotl
1245 1375 1303 1417 ea·

136 1463 198 1537 put
221 1454 413 1536 sigillorum,
441 1474 535 1538 nuper
560 1459 738 1536 blesoruius,
756 1461 916 1524 (mulierum
943 1458 1076 1522 Sirium
1102 1457 1203 1522 sidua
1234 1478 1300 1521 eoae

138 1563 332 1636 contendeus,
348 1580 460 1625 nomeu
475 1563 538 1626 eius
554 1583 654 1627 rerutn
670 1565 699 1628 iu
714 1565 896 1629 Pboeuicunu
910 1581 1048 1627 sermone
1059 1561 1230 1637 lielb·eri‚
1246 1582 1303 1624 oo·

140 1684 218 1728 nrm
239 1665 397 1746 ignorum,
416 1686 483 1730 rose
503 1668 673 1732 abinuarlt²
686 1671 730 1748 ¹),
751 1670 893 1752 llitzigius
913 1679 1008 1733 antem
1030 1666 1235 1731 sanseritirum
1251 1667 1305 1728 ba·

141 1767 201 1832 beri
222 1769 343 1843 rorarunt,
367 1788 383 1832 a
407 1789 492 1833 soce
517 1770 668 1853 parturi,
688 1792 763 1855 quae
783 1783 922 1838 noeteru
943 1771 1159 1855 siquitem),
1180 1769 1305 1853 deniquo·

140 1872 236 1954 Zueqa
254 1873 435 1956 compararit
454 1874 557 1938 saltem
573 1869 739 1960 Κέρβερον
757 1898 825 1941 cusu
845 1875 979 1959 aegyptio
1001 1873 1142 1938 rooabulo
1163 1874 1305 1937 clarem·

139 1994 228 2060 rem,
248 1975 315 2038 luo.
332 1996 505 2053 murmur,
527 1978 768 2059 fremitne²³)‚
788 1979 855 2042 lieet
869 1979 938 2042 illud
955 1978 1023 2042 intle
1039 1978 1146 2040 laetum
1162 1997 1228 2039 esse
1245 1996 1305 2039 uon

142 2078 247 2140 audeat
263 2077 368 2141 olirere.
397 2079 430 2141 lu
451 2087 530 2143 nuta
549 2079 637 2160 igitur
655 2081 842 2144 tlieeeusione
856 2080 922 2163 quis
937 2090 995 2155 est,
1015 2079 1064 2162 qui
1080 2078 1150 2142 certi
1166 2079 1273 2160 uliquiol
1289 2100 1306 2142 a

142 2199 208 2242 sese
222 2181 348 2261 preferri
363 2201 455 2264 posse
468 2188 582 2265 speret²
594 2181 648 2258 ⁴li
676 2184 739 2264 qu
753 2183 872 2265 quidem
889 2182 1071 2264 ignorantiae
1085 2184 1304 2245 eonleesioueru

143 2280 325 2344 coniectandi
346 2282 507 2346 temeritate
527 2284 674 2364 potiorem
694 2305 762 2348 roae
782 2285 888 2348 iudico.
918 2284 1020 2367 Neque
1034 2283 1103 2346 illud
1119 2302 1200 2346 nune
1215 2302 1305 2363 quae·

141 2400 206 2446 rere
231 2382 313 2458 libet,
338 2384 478 2466 quioluaru
501 2385 639 2468 physicae
660 2386 880 2468 oiqniliealiunis
901 2384 1028 2448 Cerbero
1048 2384 1196 2448 inclusum
1215 2383 1306 2447 rideri

93 2495 121 2548 ltt
141 2484 246 2568 possit
273 2486 347 2549 Nam
362 2488 440 2569 aputl
453 2487 615 2552 Hesiodum
631 2499 708 2553 eene
723 2500 893 2572 ceterosque
908 2496 1029 2572 poetas²
1040 2492 1069 2568 ³)
1085 2490 1155 2554 uilril
1171 2489 1249 2553 aliutl
1264 2499 1310 2551 eet
1355 2543 1356 2547 ,

142 2608 231 2671 quana
252 2590 319 2653 0rri
347 2601 458 2654 eustos.
497 2592 612 2658 Scilicet
632 2594 774 2657 ruetotliri
795 2602 827 2657 ul
841 2595 1036 2657 tuumauarum
1057 2593 1174 2656 aeolium
1196 2592 1308 2664 ianuae,

140 2692 186 2755 sie
205 2693 293 2756 otiam
313 2695 421 2758 donnus
436 2696 590 2761 Plutoniae
609 2698 705 2761 allitus
725 2719 741 2761 a
761 2717 832 2762 eane
847 2698 952 2785 debere
966 2695 1131 2770 ridebatur3
1151 2695 1202 2759 seul
1219 2696 1308 2759 inier-

145 2815 216 2860 nuur
245 2816 348 2861 ranouu
375 2815 463 2881 quam
491 2800 617 2864 tutasinre
644 2802 800 2866 terribilem
826 2810 856 2865 et
881 2800 1040 2864 immanem
1063 2797 1133 2881 buqi
1153 2807 1309 2862 cousenta-

144 2917 232 2964 neum
248 2911 318 2966 erat.

213 3174 259 3237 68)
280 3174 412 3224 llertuttun.
427 3174 519 3242 Optnso.
530 3172 550 3226 ll
564 3191 587 3242 p.
603 3173 659 3224 15³2.

213 3261 260 3324 till)
280 3259 400 3311 liilrlrer.
414 3277 501 3325 geogr.
515 3259 585 3311 llum.
599 3277 622 3327 p.
636 3260 692 3310 1³2.

213 3346 259 3408 ill)
279 3345 410 3397 errlser.
424 3343 521 3411 Triloq.
534 3363 558 3413 p.
572 3345 619 3396 13⁰
633 3352 684 3397 rael.
700 3343 755 3396 tlt.
782 3341 884 3395 Narllr.
899 3357 923 3410 p.
934 3342 975 3393 lll.

214 3431 260 3492 tt)
280 3431 391 3481 blouers.
406 3431 523 3483 l’boeuie.
535 3431 544 3483 l
557 3448 581 3499 p.
592 3430 651 3481 ltu.

213 3514 260 3576 72)
279 3516 371 3580 lliteiq.
384 3517 416 3566 ule
429 3516 575 3568 l’bilistaris
588 3533 612 3584 p.
623 3516 681 3565 366.

215 3598 260 3663 'illl
280 3599 365 3665 Zeeqra
378 3602 409 3653 sle
422 3601 540 3653 obeliscis
554 3618 577 3669 p.
590 3601 647 3651 266.

213 3685 259 3748 tt)
278 3687 305 3737 Si
324 3684 364 3753 qui
382 3686 446 3750 aiot,
464 3685 554 3753 quibus
570 3683 692 3737 t'tttctoui
710 3685 836 3735 seusteulla
855 3700 903 3734 nou
922 3683 1067 3751 displiceat,
1090 3682 1128 3733 bie
1145 3681 1219 3733 uultui
1238 3696 1311 3732 rausa

145 3770 219 3821 aliam
231 3770 297 3821 riam
310 3771 454 3822 ouoostesbo
467 3771 554 3822 eodem
568 3769 743 3838 pemooteutt,
762 3785 808 3836 per
826 3769 934 3833 linguatu
947 3769 1108 3832 Sabinorum,
1128 3783 1200 3834 qurum
1213 3783 1228 3818 a
1241 3775 1312 3819 vele·

149 3870 202 3906 rusa
215 3854 375 3921 Pelasgorum
393 3872 507 3908 sermone
527 3873 576 3907 noan
594 3856 668 3906 raldo
680 3855 807 3906 diuersum
826 3853 904 3906 luisse
915 3856 988 3908 l'aeile
1001 3856 1115 3907 credent.
1140 3854 1224 3906 Sabini
1237 3854 1314 3919 igitur

150 3954 313 4007 creperum
328 3943 446 3994 oliuo-runt
463 3944 494 3993 oie
507 3952 619 4010 trasupore
636 3943 812 3995 internectens
825 3950 852 3995 et
864 3943 943 4006 ollem,
961 3941 1080 3994 tenebras
1092 3948 1119 3992 et
1132 3940 1211 3991 lucem
1223 3941 1313 4003 merliu,

149 4029 213 4094 quot
226 4045 298 4094 quum
311 4029 409 4080 dubium
420 4037 496 4097 atque
507 4030 648 4095 ambiguum
661 4029 708 4095 sit,
726 4036 783 4097 pest
796 4030 871 4080 etiarn
884 4030 908 4081 iu
920 4030 985 4081 alias
998 4044 1041 4080 res
1053 4027 1142 4079 dubius
1154 4033 1181 4078 et
1193 4025 1314 4075 obscures

150 4113 296 4165 rueabulum
312 4117 460 4167 translatum
478 4125 526 4168 rot.
555 4118 578 4168 ‚b
595 4118 732 4184 Crepero
748 4124 831 4168 autem
850 4132 896 4184 per
912 4115 1132 4184 transpositionem
1149 4113 1181 4164 at
1192 4110 1314 4179 Cerpe·

151 4199 584 4266 fumatquellueaslcerberum
595 4202 678 4269 paullo
688 4217 749 4253 asae
759 4202 858 4254 facilior
866 4216 938 4270 quam
946 4201 1046 4253 abiles
1052 4216 1128 4269 pere
1138 4199 1314 4251 transituaeat.

217 4284 263 4348 ib)
282 4284 375 4338 llos-um
392 4286 579 4354 antiquissimus
592 4289 714 4339 llourerus
732 4305 780 4339 uou
800 4288 910 4340 nominat
928 4288 1025 4355 quislesu
1039 4285 1188 4351 Cerberum,
1207 4299 1315 4336 cumme-

149 4379 231 4423 taerat
246 4379 328 4423 tanco
344 4365 413 4424 stairo
429 4372 564 4444 στυγεροῦ
578 4366 689 4439 Ἀΐδαο,
707 4371 735 4425 ΙΙ.
748 4373 818 4441 vlll,
831 4373 889 4425 668.
912 4372 945 4425 ef.
960 4373 1006 4426 oo.
1019 4372 1068 4440 xt,
1080 4371 1143 4439 621,
1165 4387 1227 4441 quos
1244 4370 1316 4422 loeus

148 4466 238 4512 eastra
250 4456 425 4509 aeuaulloroua
437 4456 605 4512 dubitationes
617 4458 731 4513 oleleuolit
743 4459 859 4514 Lanam
870 4456 1167 4530 timentiumque.
1235 4485 1244 4500 ·
