2962 4808
667 350 728 413 105

118 537 308 599 statuendum
322 535 392 611 en't,
412 557 464 600 eoa
479 547 549 619 post
562 538 650 602 buius
665 536 872 601 castrationem
887 535 1019 605 solutos,
1033 554 1067 599 ac
1082 543 1144 598 tum
1158 534 1280 597 demum

118 639 266 720 paullatim
281 658 298 700 a
315 640 403 702 lratre
418 642 548 704 frenatos
564 652 721 723 motusque
735 657 841 703 eorum
862 638 1048 720 ‹onrpositos
1063 657 1140 700 esse.
1171 636 1235 698 lloc
1253 635 1281 698 ci

117 742 444 819 tolebatllermannus,
465 744 591 807 debebat
611 744 697 807 etiam
718 744 821 807 dicere.
852 742 910 804 Sed
930 760 991 803 nun
1013 740 1126 804 ridetur
1140 738 1280 802 rolu‘use.

118 843 192 906 b'am
209 863 298 926 quum
314 856 472 909 castratum
487 867 504 910 a
520 849 632 911 Perlico
647 847 768 911 Cocltrm
785 848 842 909 boc
856 845 1021 924 signiticare
1035 844 1120 916 dicat,
1135 842 1279 922 conquie-

116 948 194 1009 risse
208 948 266 1010 iant
282 957 443 1012 ceterarum
459 969 557 1014 rerum
573 952 662 1014 nullos
683 950 810 1032 impetus
825 948 977 1029 solamque
989 947 1177 1029 strperstitcm
1192 964 1278 1009 uran-

39 1061 42 1065 ’
116 1051 192 1114 sisse
207 1051 265 1115 tim
281 1053 494 1135 perfectricem,
510 1072 662 1135 quumque
676 1053 766 1116 mdes
782 1052 819 1114 illi
835 1052 962 1134 impetus
974 1051 1039 1112 eine
1054 1050 1145 1114 dubio
1158 1050 1278 1113 Titanes

116 1154 183 1231 sint,
198 1173 260 1218 non
272 1155 475 1239 conquievisse
487 1159 542 1220 bos
555 1166 676 1240 apparet
687 1167 755 1218 aute
770 1155 862 1237 poetria
875 1154 1092 1230 castrationem,
1107 1154 1187 1218 uude
1202 1172 1277 1217 ‹tem-

116 1259 261 1340 sequitur,
288 1260 368 1340 quod
389 1261 608 1324 occultabantur
627 1279 644 1323 a
663 1268 759 1340 paim,
784 1261 843 1322 boc
866 1278 927 1323 non
948 1259 1024 1322 lione
1045 1257 1103 1320 rim
1128 1256 1275 1329 babuisse,

116 1381 204 1442 quam
219 1363 310 1424 niodo
325 1362 464 1444 etropioati
480 1382 598 1434 sumus,
620 1373 652 1425 ut
671 1364 822 1444 quiescere
841 1372 1016 1442 cogerentur
1030 1381 1085 1425 nec
1100 1372 1224 1443 possem
1244 1382 1277 1424 ae

115 1484 309 1540 commorere,
320 1467 372 1529 sed
384 1467 421 1529 ita
432 1466 532 1549 potius
542 1466 743 1548 accipiendum
754 1485 830 1536 esce,
840 1465 1091 1548 quemadmodum
1102 1464 1200 1545 potdlo
1211 1474 1278 1527 ante

115 1587 319 1649 posueramus,
334 1579 366 1632 ut
385 1577 479 1631 terrae
493 1568 652 1630 tiscecibus
667 1567 772 1630 inclusi
787 1567 856 1640 sint,
871 1566 968 1647 ibique
983 1565 1040 1627 rint
1057 1585 1140 1628 sumu
1156 1585 1278 1628 exercu-

114 1671 198 1734 erint.
213 1705 257 1717 —
267 1671 339 1734 litut
353 1679 408 1745 est,
423 1672 482 1733 boc
492 1680 569 1733 certe
582 1683 714 1752 apparet,
728 1669 886 1732 llermanni
897 1668 1041 1731 theoriam
1053 1668 1278 1750 haudquaquam

116 1773 229 1836 facilem
245 1794 312 1836 esse
326 1774 361 1836 ad
377 1773 604 1854 intelligendum.

200 1875 258 1938 Sed
273 1875 361 1938 etiam
377 1875 407 1937 io
423 1874 595 1937 nominibus
611 1874 764 1946 Titanum,
785 1873 810 1935 si
825 1872 985 1936 llermaoni
1007 1872 1279 1953 interpretationem
1362 1941 1365 1944 ,

115 1977 276 2057 sequimur,
291 1978 426 2041 ridentur
437 1977 510 2040 mibi
522 1995 583 2039 non
599 1977 672 2039 satis
685 1975 784 2037 omnia
795 1976 832 2038 ad
846 1996 921 2049 eam,
936 1994 1024 2056 qnam
1037 1977 1100 2057 ipse
1113 1978 1280 2059 proposuit,

115 2079 258 2142 rationem
279 2079 443 2142 convenire.
479 2079 571 2142 Veluti
586 2070 694 2141 Κοίοο
714 2096 824 2140 norrren
844 2097 879 2139 ex
897 2078 986 2139 terlio
1007 2069 1085 2140 accim
1101 2081 1211 2141 lactum
1230 2080 1280 2153 ait,

117 2191 150 2243 ut
175 2176 290 2258 κλοιός
314 2201 347 2243 ex
375 2173 488 2243 κλείωι
513 2181 676 2262 significare
696 2188 794 2243 autem
816 2180 979 2245 Tttrbulum
1000 2182 1028 2242 b.
1042 2201 1067 2242 e.
1082 2182 1279 2255 turbatorem,

115 2283 181 2364 quia
201 2283 317 2347 turbida
335 2283 483 2346 desidant:
504 2284 583 2346 unde
601 2303 635 2346 ex
656 2285 755 2347 eadem
776 2284 869 2364 stirpe
887 2283 1015 2346 derivata
1034 2303 1100 2345 esse
1119 2278 1232 2347 κοινόν
1250 2297 1281 2348 et

114 2405 272 2449 coenum.
285 2423 328 2433 -
339 2389 494 2450 Coenum
509 2385 587 2450 unde
598 2386 759 2450 derivatum
775 2385 822 2459 sit,
836 2389 930 2448 fateor
940 2386 1075 2467 equidem
1088 2406 1135 2449 me
1148 2387 1277 2451 nescire:

115 2483 225 2552 κοινόν
244 2508 299 2571 pro
322 2499 401 2552 certo
422 2487 514 2551 liabeo
536 2489 664 2551 indidem
686 2491 805 2552 ductum
821 2509 901 2562 ease,
923 2489 1000 2551 uude
1019 2483 1112 2567 §rode
1130 2500 1159 2551 et
1178 2510 1277 2552 com·

114 2610 230 2667 mune,
240 2591 300 2653 b.e.
312 2610 346 2653 ex
357 2590 583 2673 praepositione,
594 2609 668 2670 quae
679 2609 745 2653 con
756 2611 781 2652 c.
794 2609 868 2653 curn
879 2590 999 2667 latinis,
1008 2585 1067 2653 κίν
1075 2600 1105 2652 et
1116 2587 1174 2670 ξίν
1184 2593 1277 2656 Grae·

114 2693 156 2756 eis
172 2693 233 2768 luit,
248 2703 281 2754 ut
295 2687 406 2769 κοινός
421 2692 492 2755 nibil
508 2692 585 2755 aliud
602 2693 641 2754 sit
656 2712 743 2773 quam
759 2688 862 2769 κυνός,
878 2715 896 2754 e·
912 2692 942 2755 in
958 2713 989 2756 ot
1007 2704 1132 2765 urumto,
1148 2696 1229 2776 quod
1246 2696 1276 2758 in

114 2796 176 2859 aliis
192 2815 309 2879 quoque
320 2796 442 2859 vocibus
454 2797 561 2858 laetum
574 2794 719 2857 videmus:
735 2813 885 2876 quumque
899 2789 1011 2857 κοινόν
1022 2795 1128 2860 dieitur
1142 2793 1183 2861 τὸ
1197 2795 1277 2879 βδε-

114 2894 210 2984 λυρὸν
231 2894 288 2962 καὶ
311 2890 506 2983 ἀκάθαρτον
518 2904 525 2943 ¹
536 2901 577 2975 θ),
591 2916 653 2961 non
670 2907 767 2961 tamen
782 2909 938 2980 propterea
953 2919 1021 2962 curn
1037 2919 1149 2963 coeno
1166 2921 1276 2984 cogna-

115 3012 177 3065 tum
197 3002 287 3064 videri
308 3002 407 3076 debet,
427 3003 478 3064 sed
498 3003 585 3066 simili
603 3002 728 3085 quadam
752 3003 942 3065 translatione
962 3002 1089 3075 dictum,
1108 3025 1197 3086 ‹qtram
1218 3025 1276 3087 qua

113 3103 207 3166 nostri
225 3123 343 3186 quoque
359 3104 495 3167 homines
511 3123 558 3167 res
577 3106 648 3168 riles
668 3124 702 3167 ac
718 3106 854 3168 sordidas
874 3124 1082 3168 communes
1103 3109 1276 3188 (qemeini

114 3211 292 3282 voeaot2’0).
324 3199 430 3270 Κοίου
450 3216 546 3270 autern
563 3208 714 3270 nomenoi
731 3228 826 3271 cerea
842 3201 921 3271 κείω
937 3201 1059 3271 ductum
1079 3218 1140 3287 est,
1160 3211 1276 3290 signill-
1300 3228 1331 3278 tu

113 3319 217 3389 eatque
233 3300 311 3371 κείω
330 3309 358 3372 id
375 3310 455 3390 quod
470 3321 516 3372 est
530 3309 708 3383 decidere,
724 3311 774 3393 qui
789 3311 907 3374 taudem
925 3311 986 3372 lieri
1001 3311 1108 3392 potuit,
1124 3321 1156 3376 ut
1171 3314 1278 3391 Κοῖος

113 3410 277 3474 Tumidum
293 3411 353 3474 sive
368 3411 549 3475 turbatorem
565 3412 763 3492 signiticaret²
776 3411 826 3489 ¹)?
855 3413 1007 3481 llesidunt.
1023 3414 1133 3496 inquit,
1149 3416 1277 3480 turbida.

115 3586 292 3596 -0—--n--n
302 3586 353 3595 -·-
364 3587 389 3595 ..-
398 3587 411 3595 -

182 3670 223 3735 19)
237 3670 344 3738 llespeb.
358 3670 381 3721 lt.
399 3684 424 3721 v.
437 3668 469 3721 cl.
481 3668 584 3721 Eroect.
603 3669 682 3734 glosa.
700 3685 765 3720 uer.
779 3668 838 3720 llca.
855 3685 880 3738 p.
893 3669 948 3721 181.
974 3670 1036 3723 Otto
1053 3673 1085 3723 ud
1098 3670 1186 3725 lustin.
1199 3673 1277 3728 bltrt.

113 3762 171 3807 tom.
185 3753 206 3807 ll
220 3771 244 3822 p.
254 3754 313 3806 tta.

182 3841 223 3904 20)
236 3840 274 3892 (Ξῖ.
286 3840 395 3909 prudens
408 3840 559 3893 llliderleioii
573 3840 698 3906 indicium,
712 3840 795 3910 Etpm.
808 3850 835 3894 et
847 3843 910 3911 Syn.
922 3842 979 3896 Lot.
989 3843 1010 3896 ll
1023 3861 1047 3914 p.
1058 3845 1100 3897 3⁸.

182 3926 345 3990 tranlucent
361 3936 449 3992 postet
468 3927 622 3978 llermoroua
637 3927 786 3979 uertentium
800 3929 934 3995 hactenus,
952 3937 980 3982 ut
992 3933 1077 3999 κίων,
1095 3937 1193 4002 aeteae,
1211 3939 1278 3989 uode

112 4016 234 4079 κεῖσθαι,
247 4015 348 4082 proprie
359 4013 632 4079 conglobationem
642 4020 731 4065 notare
743 4022 879 4079 statueret,
891 4025 996 4085 propter
1007 4020 1191 4075 iubstaotb'um
1204 4027 1278 4093 reolo,

113 4101 178 4168 quod
195 4100 348 4166 grammatici
361 4104 488 4173 σφαῖραν
504 4101 712 4169 interpretantur.
742 4101 778 4153 lle
792 4103 875 4170 Apoll.
891 4111 918 4156 et
935 4104 1006 4156 llino.
1020 4107 1113 4175 Opone.
1127 4107 1172 4162 Vll
1185 4127 1208 4179 p.
1218 4112 1278 4164 tut.

113 4185 150 4237 lta
162 4188 251 4244 Κοῖος
262 4196 295 4239 ex
308 4185 421 4241 Turbulc
433 4187 604 4254 Conglobator
614 4187 670 4251 tet,
687 4194 714 4239 et
724 4190 812 4258 Κοῖος
824 4188 934 4242 lorttace
948 4191 1099 4260 [dissipator.
1124 4199 1199 4248 Kato
1212 4200 1279 4250 unde

111 4273 212 4324 ducturo
224 4273 385 4338 ait,'ueaclo:
404 4275 452 4325 eici
464 4275 511 4326 lice
528 4274 586 4326 mibi
604 4273 692 4326 videor
708 4274 865 4341 intelligere,
882 4276 957 4329 κίων
973 4294 1097 4346 nunquam
1112 4281 1278 4347 conglobandi

111 4358 319 4423 capitationem
331 4359 449 4411 lebuine
460 4367 505 4411 aut
516 4359 608 4412 habere
621 4360 742 4429 petitore.
764 4361 837 4429 Quod
849 4370 933 4415 nutem
945 4365 1034 4416 eedem
1046 4366 1103 4418 lece
1115 4383 1139 4436 p.
1149 4367 1200 4419 296
1213 4368 1277 4421 lier-
