2962 4808
672 319 710 383 'rt

590 409 691 420 ’.ια-ο
713 411 750 420 ω.-
764 413 789 422 ο.

111 505 264 570 elementis
276 505 306 568 in
317 503 391 568 clrao
404 504 519 569 didusis
534 506 686 588 signifieat,
700 510 779 574 unde
794 519 823 572 et
834 506 915 571 orbis
927 506 976 571 hic
988 517 1132 570 terrarum
1144 517 1174 570 et
1184 525 1278 588 quae-

111 628 226 691 cunque
242 630 259 673 e
274 618 348 673 terra
362 618 525 672 naseuntur
539 615 720 676 conformata
735 623 818 688 sunt;
839 610 911 674 alter
931 618 1030 672 autem
1045 610 1103 673 rim
1118 609 1196 673 illam
1212 608 1278 672 aui·

110 713 233 787 malem,
253 731 327 794 quae
347 713 445 775 omnis
464 714 659 794 generationis
676 734 762 778 causa
776 725 864 797 atque
879 711 1060 796 principium
1076 723 1131 775 est.
1161 712 1276 775 llorum

110 815 264 897 utriusque
284 815 366 898 quasi
382 817 493 879 iontem
510 816 540 878 in
555 819 628 882 clrao
645 818 736 881 luisse
751 836 873 881 neeesse
888 825 946 891 est,
968 835 1003 878 er
1018 834 1078 896 quo
1094 836 1128 878 ea
1142 815 1277 897 ineogui·

112 925 156 981 tae
176 918 328 982 cuiusdam
349 927 379 982 et
398 920 565 984 reconditae
584 941 689 984 causae
709 921 839 1003 impulsu
859 919 918 982 sire
934 918 1038 981 insitae
1053 917 1206 981 cuiusdam
1222 937 1276 982 ne·

111 1020 256 1085 cessitatis
283 1022 346 1105 lege
370 1023 526 1104 aliquando
548 1025 728 1106 prodierunt.
761 1026 802 1089 lle
822 1026 878 1088 lrac
898 1041 984 1087 eausa
1005 1022 1169 1087 llesiodeus
1189 1031 1277 1104 poeta

110 1125 182 1190 nihil
197 1126 281 1201 dicit;
295 1126 364 1207 quid
379 1126 426 1190 alii
441 1126 577 1201 dixerint,
592 1139 694 1210 postea
709 1131 881 1193 ridelrirnus.
898 1130 1033 1192 Ceterum
1049 1146 1141 1209 quum
1152 1125 1276 1190 Terram

109 1249 165 1312 pro
185 1229 325 1294 solidiore
339 1231 475 1308 materia,
491 1232 665 1315 Cupidinem
681 1253 737 1317 pro
752 1234 780 1297 ri
794 1233 911 1299 animali
928 1231 1096 1296 lrabendum
1112 1250 1178 1293 esse
1194 1230 1276 1293 dire·

110 1334 217 1410 rimus,
237 1335 295 1398 lroc
315 1345 411 1399 tamen
433 1337 534 1419 utique
555 1339 714 1402 tenendum
735 1349 796 1414 est,
817 1338 893 1402 sicut
912 1337 942 1400 in
962 1336 1041 1399 Chao
1062 1334 1215 1417 utriusque
1235 1333 1277 1397 rei

110 1438 178 1500 lons
195 1438 293 1515 luerit,
308 1439 353 1502 sic
370 1438 400 1502 in
415 1439 462 1503 lris
477 1458 611 1522 quoque,
628 1461 702 1524 quae
717 1463 733 1505 e
749 1442 829 1505 Chao
844 1440 1026 1524 prodierunt.
1041 1447 1175 1503 neutram
1190 1437 1278 1520 pians

109 1539 146 1604 ab
160 1541 248 1605 altera
263 1551 427 1624 separatam
442 1552 471 1605 et
486 1544 652 1617 discretam,
673 1544 725 1607 sed
740 1562 796 1608 nec
809 1545 931 1607 Terram
947 1543 1007 1606 sire
1022 1540 1173 1604 materiam
1188 1559 1277 1622 pror·

110 1663 161 1707 sus
177 1643 299 1709 inertem
316 1654 402 1727 atque
417 1644 593 1722 insulanam,
609 1666 664 1709 neo
677 1647 736 1711 rim
752 1647 829 1711 illam
845 1645 1020 1716 animalem,
1037 1663 1110 1725 quae
1125 1643 1277 1725 Cupidinis
1328 1645 1331 1648 ’

109 1766 238 1829 persona
264 1748 464 1830 significatur,
495 1749 700 1833 incorpoream
726 1751 826 1816 luisse.
862 1750 927 1814 lioc
951 1750 1093 1813 duntaxat
1117 1748 1278 1824 differebat,

108 1853 202 1935 quod,
221 1873 295 1936 quae
310 1853 398 1917 etiam
414 1855 550 1917 materiae
566 1855 658 1919 indita
673 1866 735 1920 erat
750 1856 793 1919 ris
808 1855 957 1930 animalis,
977 1854 1066 1918 liuius
1081 1853 1278 1937 principatum

109 1957 223 2040 Cupido
236 1957 369 2033 habebat,
387 1958 471 2021 errius
487 1959 608 2022 numina
624 1969 653 2023 et
667 1960 796 2043 impulsu
814 1978 890 2043 opus
906 1967 977 2032 erat,
993 1967 1025 2020 ut
1040 1957 1127 2021 insita
1142 1957 1279 2021 materiae

108 2062 152 2126 ris
177 2072 206 2125 et
232 2062 350 2125 incultas
377 2061 413 2124 ad
439 2063 639 2143 generandum
658 2064 844 2140 excitaretur;
870 2082 930 2145 quo
950 2062 1067 2144 quidem
1087 2080 1211 2125 munere
1232 2061 1280 2125 ille

107 2164 195 2229 etiarn
215 2176 318 2248 postea
339 2165 420 2247 iungi
440 2183 500 2228 non
521 2166 641 2242 (lenuit,
661 2167 711 2230 sed
732 2167 843 2230 exortis
863 2166 987 2229 e'lerra
1009 2165 1132 2227 dirersis
1148 2164 1279 2239 sexibus,

108 2278 233 2351 nataque
248 2267 375 2343 l'enere,
390 2286 464 2350 quae
483 2269 609 2332 marium
625 2280 654 2333 et
669 2269 845 2334 terrrinarunr
862 2268 1041 2350 copulationi
1057 2277 1188 2351 praeest,
1210 2268 1280 2332 lruic

109 2391 141 2435 se
156 2372 294 2434 comitem
309 2371 454 2452 adiungit,
470 2373 566 2453 tlreog.
579 2393 606 2437 r.
619 2373 691 2437 sot.
722 2374 818 2436 Onure
832 2382 931 2435 autem
947 2371 1012 2433 eins
1028 2390 1153 2447 munus,
1170 2391 1277 2453 queni-

107 2476 269 2539 admodum
284 2476 342 2538 iam
359 2476 575 2558 supradictum
591 2489 645 2551 est,
659 2477 714 2541 liae
730 2497 788 2541 urm
803 2475 1024 2548 comminetur,
1040 2486 1074 2538 ut
1084 2477 1121 2538 ad
1134 2493 1277 2557 generan·
1331 2524 1333 2526 -

108 2579 179 2642 dum
194 2579 312 2656 excitet3
327 2579 379 2642 sed
394 2598 468 2661 quae
483 2598 518 2642 eo
535 2578 701 2662 impellente
716 2583 844 2661 prirmmr
861 2601 895 2643 er
911 2580 1018 2652 Terra,
1034 2589 1103 2663 post
1116 2599 1151 2641 ex
1167 2578 1276 2644 Terrae

108 2681 210 2745 subole
225 2691 408 2763 generantur,
424 2682 496 2745 lraoc
512 2683 621 2757 omnia,
636 2683 744 2764 pariter
759 2693 791 2746 ut
806 2683 870 2765 ipsa
885 2683 985 2756 Terra,
1001 2701 1062 2745 non
1079 2682 1164 2746 inerti
1177 2684 1277 2748 solum

107 2786 229 2849 materia
249 2795 400 2861 constant,
422 2786 473 2848 sed
493 2785 621 2848 animam
643 2786 779 2848 materiae
799 2786 930 2849 iunctam
951 2785 1072 2860 liabent,
1093 2796 1179 2868 atque
1199 2786 1278 2850 sicut

108 2889 230 2951 materia
247 2888 413 2970 posteriore
428 2907 543 2969 quaque
557 2887 747 2967 generatione
762 2890 918 2969 perfectior
933 2889 1087 2971 magisque
1101 2889 1185 2971 quasi
1201 2890 1275 2952 suls-

108 3002 172 3055 acta
190 2992 297 3066 eradit,
316 2991 360 3054 sic
380 2990 476 3053 anima
498 3009 616 3073 qnoque
636 3010 690 3073 per
709 2991 817 3071 gradus
837 2991 930 3073 magis
946 2991 1099 3075 stragisque
1114 2993 1276 3074 perficitur,

108 3103 137 3157 et
153 3114 169 3157 a
184 3094 308 3158 naturali
324 3094 373 3157 illo
389 3103 418 3157 et
432 3094 598 3157 necessario
615 3093 771 3169 instinctu,
792 3114 851 3175 quo
867 3095 937 3157 olim
952 3095 1121 3176 regebatur,
1136 3096 1173 3159 ad
1190 3115 1276 3160 men·

109 3198 146 3260 tis
162 3198 337 3274 libertatem,
356 3198 392 3261 ad
407 3199 608 3279 prudentiam,
624 3198 660 3261 nd
677 3197 847 3280 sapientiam
864 3197 990 3280 denique
1004 3200 1152 3281 procedit,
1167 3201 1276 3283 quibus

109 3302 197 3366 relrrrs
209 3322 300 3385 «quum
317 3312 457 3385 superent
471 3303 548 3367 lraud
564 3301 651 3366 dulde
667 3301 796 3364 iuniores
813 3301 858 3364 dei
874 3301 953 3364 idum
970 3301 1099 3385 primum
1116 3306 1276 3387 generandi

108 3416 257 3470 auctorem
275 3406 462 3489 Cupidinem,
482 3426 514 3470 ea
531 3416 629 3470 tannen
644 3406 733 3470 liuius
749 3404 792 3467 ris
808 3413 866 3479 est,
888 3425 976 3486 quam
993 3405 1018 3470 si
1033 3420 1180 3485 exerceat,
1195 3412 1279 3476 lacilc

108 3529 160 3573 eos
181 3510 236 3573 silei
257 3529 361 3590 parere
380 3519 478 3592 cogat,
498 3509 712 3590 consiliumque
731 3528 833 3572 eorum
850 3521 879 3572 et
893 3510 1068 3592 sapientiam
1083 3513 1194 3590 rineat,
1215 3513 1278 3579 ‹lor-

106 3608 190 3694 μνὰς
210 3607 245 3676 ἐν
260 3606 425 3698 στήθεσσι
448 3606 524 3675 ro'or
545 3607 604 3677 καὶ
625 3605 792 3700 ἐπίφρονα
812 3607 942 3698 βουλήν.

194 3716 281 3791 Quod
298 3724 395 3779 autem
409 3737 444 3779 er
461 3715 555 3790 Clrao,
577 3725 646 3799 post
660 3716 781 3779 Terram
802 3725 832 3778 et
848 3718 1037 3799 Cupidinem,
1058 3721 1146 3785 etiam
1161 3723 1277 3787 Erebus

108 3828 137 3880 et
150 3817 214 3880 Nox
230 3817 378 3900 prodiisse
394 3818 544 3893 dicuntur,
564 3819 619 3881 hac
637 3819 673 3881 de
692 3839 724 3882 re
745 3819 788 3882 sic
806 3822 993 3884 statuendum
1015 3832 1069 3887 est
1099 3823 1227 3889 Emissis
1241 3847 1277 3889 er

108 3930 203 3985 semet
219 3921 308 3985 Terra
328 3932 357 3984 et
376 3921 519 4004 Cupidine
538 3922 634 3985 Chaos
653 3940 840 4003 nequaquam
861 3934 958 3988 umen
978 3927 1154 3991 exhaustum
1170 3939 1228 4005 est,
1247 3929 1277 3992 id

107 4025 289 4108 quodetiam
305 4026 375 4089 hine
389 4026 577 4089 manifestum
593 4028 634 4098 lit,
646 4028 726 4107 quod
742 4036 926 4091 memoratur
940 4049 956 4092 a
972 4040 1060 4111 poeta
1074 4051 1102 4093 r.
1118 4032 1181 4097 814
1196 4026 1278 4112 χάος

110 4121 249 4215 ζοφερόν
263 4128 293 4191 in
309 4129 441 4204 Tartaro,
456 4147 543 4210 quem
558 4127 603 4190 alii
619 4127 649 4190 in
664 4126 759 4210 ipsius
774 4141 867 4193 terrac
882 4132 1066 4210 caritatibus,
1079 4138 1176 4222 μυχῷ
1189 4140 1277 4216 χθο-

106 4226 164 4306 σός
185 4222 382 4319 εὗρυσδείης,
406 4231 451 4295 alii
468 4231 541 4295 inira
557 4231 659 4295 orbem
676 4240 819 4297 terrarum
835 4253 901 4298 esse
916 4235 1083 4312 credebant,
1099 4240 1276 4303 tantundem

108 4333 183 4396 inira
203 4335 391 4416 depressum,
412 4343 555 4417 quantum
574 4353 703 4417 superno
721 4336 835 4401 caelum
849 4338 1005 4417 attollitur,
1020 4340 1104 4407 caius
1123 4343 1276 4426 utriusque
