2962 4808
637 367 695 430 tat

91 574 170 627 terea
189 561 245 624 illis
260 567 382 642 propter
397 558 601 640 cognationem
618 568 667 621 aut
680 555 837 620 amicitiam
852 553 999 620 adiuerit?
1026 562 1064 623 At
1079 558 1202 622 debebat
1216 560 1255 622 de

91 666 138 728 his
153 662 273 726 verbulo
288 662 391 724 saltem
407 660 573 742 significari.
594 662 639 723 An
655 661 730 722 lortc
744 659 781 732 ei,
797 657 847 740 qui
861 658 938 720 laurac
952 661 1152 724 narrationem
1167 681 1253 724 com·

91 767 208 850 posuit,
224 765 324 848 piures
339 764 426 826 etiam
442 772 555 845 practer
569 761 635 826 illos
650 760 820 836 duodecim,
834 780 911 841 quos
927 764 1063 845 superior
1078 764 1254 847 theogoniae

92 891 161 953 pars
177 869 259 932 solos
274 876 428 941 memorat,
444 866 562 930 Titanes
578 866 641 928 noti
656 861 796 928 luerunt?
826 863 928 927 Potest
942 885 1014 929 sano
1028 866 1067 930 ita
1081 887 1164 931 esse:
1184 888 1254 932 nam

60 1041 64 1048 ,
92 975 155 1039 aliis
171 992 233 1037 non
249 973 352 1057 paucis
366 972 425 1035 hoe
437 988 548 1033 nomen
564 969 600 1033 ab
611 968 674 1032 aliis
689 968 834 1032 tributum
851 966 1032 1033 invenimus*
1044 974 1086 1048 il:
1102 972 1155 1035 sed
1167 971 1192 1035 si
1208 981 1255 1035 est

94 1080 147 1155 ita,
165 1077 212 1140 rix
231 1077 343 1140 videtur
361 1075 492 1139 eiusdem
513 1083 617 1157 poetae
636 1082 666 1136 et
684 1073 757 1136 haec
776 1072 1001 1137 titanomaclriae
1019 1075 1148 1139 narratio
1163 1087 1191 1139 et
1207 1076 1254 1139 illc
1274 1085 1308 1140 tt

94 1183 131 1245 ale
149 1180 304 1244 duodecim
319 1178 472 1242 Titanibus
492 1179 574 1241 locus
595 1175 696 1240 haberi
715 1196 815 1259 posse.
844 1179 880 1241 lit
904 1181 1035 1261 prolecto
1052 1181 1192 1244 conllatas
1207 1181 1254 1243 di-

95 1304 248 1349 versomm
267 1283 430 1347 carminum
450 1291 548 1364 partes
568 1299 636 1344 esse
654 1280 742 1344 etiam
763 1281 860 1344 ononis
875 1281 963 1347 huius
979 1283 1155 1347 narrationis
1170 1293 1256 1347 tenor

95 1389 219 1473 probare
234 1388 355 1463 vidntur,
372 1387 466 1450 mirus
482 1385 540 1448 iarn
555 1403 647 1467 supra
661 1403 677 1447 a
692 1403 740 1446 ane
751 1383 847 1448 dictus
858 1397 888 1448 et
898 1386 938 1448 roi
950 1405 1053 1469 parum
1065 1387 1255 1451 conveniens.

45 1498 47 1502 ’
95 1493 255 1558 Exordium
270 1490 407 1555 narrandi
422 1488 539 1553 ducitur
553 1509 579 1551 a.
593 1489 654 1552 ott
670 1509 686 1552 a
702 1489 853 1553 mentione
866 1489 1122 1566 Centimanorum,
1138 1491 1257 1555 Briareo

95 1597 217 1678 eiusque
239 1593 393 1666 iratribus,
412 1613 429 1656 a
449 1599 568 1674 parente
582 1591 671 1653 Coelo
692 1589 723 1653 in
742 1591 855 1655 tinctula
875 1593 1015 1657 coniectis
1034 1603 1064 1657 et
1077 1594 1134 1658 sub
1150 1604 1257 1659 terram

102 1734 399 1748 *ιο-ια’.

166 1804 208 1867 d'l)
222 1803 393 1869 Goettlingius
404 1803 436 1852 ad
449 1818 474 1854 v.
486 1800 534 1854 136
546 1799 609 1851 citat
621 1799 706 1868 Stepb.
719 1799 780 1869 llys.
794 1816 815 1852 s.
827 1794 974 1869 afarano,
987 1801 1028 1853 abi
1040 1801 1109 1855 Cocli
1122 1810 1151 1856 et
1162 1801 1260 1856 Terrae

98 1890 151 1957 otti,
163 1889 280 1952 Saturni,
294 1888 389 1954 llbeae,
401 1886 479 1955 Iapeti
492 1887 587 1940 lratres
603 1888 763 1939 nominantur
777 1888 926 1951 0stasas,
945 1888 1064 1941 Sardes
1081 1890 1116 1951 (ι.
1129 1890 1262 1952 Andes),

99 1977 235 2040 Adanus,
255 1974 408 2044 Olybrus:
431 1975 477 2025 bos
499 1974 577 2039 igitur
597 1974 622 2025 in
640 1971 773 2025 Titanibus
794 1973 960 2025 numerandae
981 1989 1039 2025 esse
1058 1975 1178 2026 dicamus.
1211 1976 1262 2028 set

98 2061 216 2131 Olybrl
232 2077 320 2113 nomon
338 2059 474 2124 salmasio,
492 2059 638 2122 llolstenio,
655 2059 771 2111 berlelio
789 2067 931 2128 asspectum
947 2057 1009 2124 luit,
1026 2060 1263 2132 rescribeadmnque

99 2149 188 2219 Olym
193 2166 208 2218 p
216 2165 231 2200 u
239 2165 262 2200 na
274 2155 436 2211 censuerunt,
448 2147 513 2214 quod
527 2145 737 2198 Westcrruannus
750 2147 854 2214 recepit.
875 2145 909 2198 lit
917 2144 1048 2214 Olympum
1058 2144 1174 2199 Titarion
1186 2148 1262 2200 etiam

99 2236 143 2288 alii
156 2243 301 2288 nemornnt
324 2233 430 2286 Ptolem.
443 2232 577 2299 llepbaest.
589 2230 654 2298 apud
666 2229 738 2283 Peos.
750 2230 812 2282 bibl.
824 2248 847 2299 p.
856 2230 915 2283 atu.
929 2231 1035 2284 lloeseb.
1050 2231 1152 2285 lliodor.
1165 2231 1207 2299 lll,
1220 2234 1263 2286 tt.

101 2350 135 2361 -
146 2320 255 2373 0stasi
269 2336 357 2372 nomen
369 2319 401 2371 ab
414 2312 504 2385 ὤστης
515 2319 615 2370 durturn
625 2317 705 2369 videri
717 2324 809 2384 potest,
818 2332 867 2386 quo
880 2326 966 2370 certus
978 2319 1076 2387 quidam
1086 2326 1171 2371 terrae
1180 2328 1263 2372 notus

102 2407 266 2474 significatur.
294 2405 342 2458 vie
360 2405 402 2457 l's.
419 2405 527 2458 Aristot.
544 2405 576 2456 de
593 2404 683 2455 mundo
700 2404 756 2455 el.
780 2400 940 2456 belantunr
958 2403 1072 2457 Titanera
1089 2406 1164 2459 babet
1180 2407 1262 2460 Nona.

103 2496 174 2548 Dion.
188 2491 305 2556 XLVlll,
319 2492 368 2543 2Ι5
382 2509 448 2561 son,
460 2491 580 2560 Syccan
595 2489 671 2542 Dorio
683 2505 724 2557 ap.
735 2489 827 2541 Athen.
841 2489 872 2543 ΙΙΙ
885 2507 909 2558 p.
919 2491 952 2542 'ib
964 2492 1000 2555 A,
1014 2491 1262 2560 Anp’tanal‘ausaa.

102 2580 168 2649 Vlll,
182 2579 228 2646 27,
240 2579 264 2629 3.
294 2577 449 2630 Xanthum
465 2585 493 2629 et
509 2576 626 2628 llnliana
643 2575 745 2628 iliodor.
763 2578 828 2644 apud
847 2576 960 2647 hastath
978 2579 1008 2630 ad
1027 2579 1054 2630 ll.
1073 2577 1136 2631 xlx
1152 2596 1177 2648 p.
1188 2579 1263 2633 ttuo.

104 2668 233 2735 Omen
246 2665 338 2716 Castor
348 2665 413 2732 apud
426 2663 519 2715 Enseb.
531 2663 601 2714 Arm.
614 2679 636 2714 e.
653 2663 696 2716 tt:
714 2680 744 2715 ne
761 2665 792 2716 de
811 2664 870 2715 liliis
885 2665 1015 2717 duodecian
1028 2664 1207 2719 llesiodeorun
1223 2668 1264 2719 di·

103 2769 171 2818 cam,
188 2752 213 2803 in
227 2765 289 2819 quos
307 2757 437 2816 paternam
457 2765 545 2800 nemen
565 2765 613 2799 non
632 2765 690 2799 raro
703 2749 869 2815 transfertur,
886 2757 914 2802 at
927 2751 951 2801 in
964 2751 1176 2804 Prometheum
1187 2769 1203 2804 a
1216 2753 1265 2802 Sn-

103 2837 202 2907 pboele,
216 2837 241 2888 in
253 2837 410 2889 Atlantem
421 2835 452 2886 ab
465 2835 607 2903 Aeschylo,
625 2835 649 2884 in
662 2835 827 2886 Astraeum
839 2852 854 2886 a
867 2835 958 2887 Servio
970 2836 1001 2887 ad
1015 2835 1091 2902 Vere.
1105 2837 1167 2889 Aen.
1180 2837 1203 2902 l,
1217 2839 1265 2890 132

103 2932 130 2977 et
143 2923 269 2993 llytbogr.
283 2920 353 2974 ΙΙοιιι.
372 2920 404 2987 ΙΙ,
421 2922 467 2986 51,
487 2922 511 2972 in
525 2921 647 2971 llionen
663 2921 695 2971 ab
707 2920 822 2989 0rpbieis
835 2921 867 2972 lr.
881 2938 904 2989 p.
916 2921 965 2971 llil
979 2920 1062 2974 llenn.
1080 2932 1107 2976 et
1119 2924 1234 2991 Apollod.
1247 2924 1267 2991 Ι,

108 3012 129 3077 l,
139 3010 163 3061 ³.
189 3009 270 3061 Etiam
283 3009 439 3077 Phorcyn,
456 3009 497 3075 qui
511 3007 620 3059 llcsiodo
632 3007 704 3059 Ponti
724 3008 790 3059 lilius
806 3015 860 3070 cst,
877 3008 979 3076 0rpbiri
993 3008 1018 3059 in
1030 3008 1162 3062 Titanibus
1179 3029 1267 3064 nurne-

105 3103 201 3162 rnrnot,
215 3095 247 3147 lr.
260 3112 283 3163 p.
297 3094 360 3160 roe,
373 3101 400 3146 et
411 3094 484 3147 Plato
494 3094 589 3147 Timne.
602 3111 626 3162 p.
638 3095 670 3145 lt)
683 3094 703 3145 n
717 3095 794 3160 laune,
807 3095 857 3146 etsi
870 3112 918 3146 non
931 3095 1045 3148 Titanem
1059 3105 1146 3161 rorat,
1163 3099 1267 3152 lratrcrn

105 3193 186 3237 tannen
205 3181 266 3234 lacit
277 3183 379 3234 Saturni
397 3190 424 3234 et
433 3181 530 3247 llheae,
548 3190 666 3250 parentes
683 3188 766 3233 autem
779 3182 866 3232 boruan
879 3181 1005 3234 Oceanum
1016 3190 1043 3234 et
1055 3182 1163 3251 Tethyn.
1188 3184 1268 3237 l'orro

108 3272 266 3324 Briareum
278 3286 293 3320 a
307 3269 433 3321 nonnullis
445 3270 469 3320 in
482 3267 615 3321 Titanibus
628 3277 781 3320 numeratum
794 3284 852 3319 esse
864 3267 969 3334 colligas
982 3286 1013 3321 ea
1027 3269 1135 3339 llesyrb.
1148 3285 1169 3321 s.
1179 3284 1204 3321 v.
1219 3273 1270 3323 Te-

106 3355 220 3422 τανίδα,
241 3364 268 3409 et
285 3357 378 3409 socium
396 3365 465 3408 certe
482 3353 615 3407 Titanibus
631 3363 718 3406 contra
736 3355 820 3407 lovena
835 3356 968 3408 eddiderat
985 3357 1178 3408 titanoruacbiae
1195 3366 1269 3426 poeta

104 3445 312 3508 Aegaeonem.
341 3442 425 3493 Schol.
442 3442 525 3509 Apoll.
544 3439 590 3492 llb.
607 3440 630 3507 Ι,
646 3440 724 3501 1165;
748 3440 856 3509 Gygen
878 3458 976 3508 quoque
996 3449 1024 3492 ct
1040 3442 1196 3510 Steropen
1219 3445 1271 3496 illis

106 3545 243 3581 accensere
252 3527 354 3578 videtur
365 3526 456 3594 llygin.
470 3542 508 3593 pr.
522 3525 543 3594 Ι,
553 3526 577 3577 2.
603 3525 712 3577 Eudocia
726 3544 749 3593 p.
760 3525 810 3576 336
818 3525 925 3577 Titanes
938 3527 1048 3578 nominat
1061 3527 1148 3595 llian,
1161 3530 1270 3581 Atlan-

107 3611 556 3678 tena,l’remetbeum,Coeunr,
570 3611 682 3674 Solem,
697 3611 912 3680 llp'perionem,
926 3612 1272 3667 Ascusaeuauliliolla·

111 3715 227 3764 masec,
245 3698 364 3763 Crium,
383 3697 535 3750 Titanum.
560 3698 629 3751 Unus
645 3698 720 3749 etiarn
739 3698 840 3766 proprio
858 3699 956 3748 nomine
968 3697 1061 3750 Titan
1075 3706 1116 3751 est
1127 3702 1192 3769 apud
1205 3703 1272 3753 Pan·

48 3815 49 3818 ι
114 3787 209 3840 uniam
225 3785 260 3848 ΙΙ,
280 3785 322 3853 ΙΙ,
340 3785 369 3853 5,
391 3785 477 3836 Solis
496 3785 586 3847 irater,
610 3784 651 3852 qui
670 3784 695 3835 in
714 3784 831 3853 Sicyonia
849 3783 988 3850 habitasse,
1009 3793 1035 3836 ct
1052 3800 1066 3835 a
1084 3786 1157 3837 cuius
1174 3789 1273 3839 nomine

109 3874 222 3927 Titane
239 3873 355 3940 oppidum
378 3871 470 3922 dietum
491 3871 652 3922 credebatur:
677 3886 752 3938 porro
769 3886 834 3921 unus
851 3870 875 3921 in
892 3886 960 3922 orac.
977 3871 1068 3941 step-tt.
1089 3890 1130 3942 ap.
1148 3877 1273 3941 Athenas.

109 3980 132 4030 p.
142 3959 191 4012 272
203 3957 327 4010 llecbenb.
340 3965 366 4009 ct
378 3957 441 4025 apud
453 3957 567 4010 uetant.
581 3956 667 4021 ι).1.1,
680 3958 719 4022 ta,
730 3956 759 4019 ll,
775 3956 887 4008 idonius
900 3959 1012 4009 narratio
1023 3977 1056 4012 ea
1066 3960 1192 4014 bucnero
1202 3964 1275 4015 lluxit
1387 4011 1389 4013 ,

109 4049 141 4101 ab
158 4047 238 4100 Ennio
257 4046 335 4098 latine
353 4060 485 4097 converso.
508 4043 546 4095 (ΙΙ.
559 4041 666 4095 Tertull.
678 4043 736 4093 adv.
749 4049 817 4108 gent.
831 4041 860 4109 ll,
876 4043 915 4095 Ι2.
930 4061 976 4096 nee
992 4046 1115 4098 absimilia
1133 4057 1193 4101 suat
1209 4050 1274 4116 apud

109 4136 221 4205 Syncell.
240 4153 263 4203 p.
275 4133 334 4184 alc
350 4149 382 4184 ex
401 4132 504 4183 Beroen.
539 4129 596 4180 Vid.
609 4129 636 4180 C.
651 4128 751 4182 lliiller.
768 4128 857 4194 fragm
874 4131 932 4182 bist.
947 4131 993 4185 (ir.
1011 4132 1127 4201 npeoa
1140 4152 1178 4204 sq.
1198 4136 1275 4188 enea

111 4222 237 4291 alydon.
250 4220 320 4273 llorn
334 4218 364 4284 ΙΙ,
380 4218 435 4270 loe.
458 4216 497 4284 ΙΙΙ,
510 4216 535 4281 3,
548 4217 572 4268 Ι.
597 4215 709 4284 Denique
721 4214 882 4282 Titedius,
901 4208 940 4276 eir
957 4219 1014 4272 ruia
1032 4215 1160 4275 Tarnim
1175 4215 1275 4291 ἀρχαι·

111 4303 214 4380 όιιρος,
226 4306 268 4375 qui
281 4304 428 4358 blaratbooe
441 4303 606 4370 habitaverit,
618 4317 651 4354 ex
664 4303 814 4356 Philochoro
827 4312 981 4357 memoratas
991 4307 1024 4357 ab
1036 4307 1120 4376 Btyra.
1134 4306 1169 4360 ld.
1181 4325 1206 4377 p.
1216 4307 1274 4371 ibit,

111 4393 152 4447 38.
176 4394 246 4446 Snid.
259 4409 280 4445 s.
292 4408 318 4444 r.
330 4391 449 4458 aliisque.
