2962 4808
599 511 801 610 Q-

117 699 244 782 pertinet
253 699 380 764 maxime
390 700 498 764 lleeate
508 700 588 764 vialis
599 710 628 764 et
640 700 730 776 trivia,
744 690 858 764 hodia
868 708 897 762 et
906 694 1079 782 τριοδῖτις,
1094 696 1142 761 cui
1153 695 1185 760 in
1196 714 1285 759 com·
1308 706 1345 759 ts

120 803 190 886 pitis
209 803 327 866 urbium
348 812 486 885 extraque
506 804 535 866 iu
557 804 648 866 triviis
668 803 771 867 sacella
790 810 960 865 consecrata
979 811 1079 875 eram,
1103 810 1136 864 ut
1154 797 1286 882 praesidi

118 907 231 970 viarum
251 905 537 987 commeantiumque
556 907 676 969 tutelae:
692 905 843 986 morisque
857 915 935 978 erat,
954 913 988 967 ut
1006 903 1112 984 quous
1131 901 1286 965 hordonio

28 1080 30 1086 ,
118 1010 147 1072 iu
159 1009 252 1073 triviis
267 1027 360 1091 panes
375 1008 486 1090 aliaque
499 1009 631 1072 viliorum
646 1009 780 1072 ciborum
796 1026 902 1088 genera
914 1007 1037 1069 lleeatae
1052 1017 1285 1087 apponerentur,

113 1103 253 1199 Ἑκάτης
275 1110 408 1188 δεῖπνα,
437 1112 654 1195 quibusquam
675 1131 784 1193 egenos
800 1110 935 1173 homines
956 1111 1061 1172 lauaem
1081 1108 1183 1171 sedare
1201 1108 1283 1170 nulla

116 1215 216 1295 religio
237 1222 360 1286 vetaret,
380 1214 456 1277 hanc
474 1214 568 1296 ipsam
589 1232 693 1278 eorum
711 1213 958 1298 appoueudorum
978 1230 1096 1275 causam
1114 1213 1205 1275 luisse
1218 1229 1284 1275 nou

118 1327 226 1380 temere
241 1316 403 1379 coniiciasi
416 1321 452 1393 ¹).
483 1318 539 1380 Sed
557 1318 711 1383 maritimis
726 1338 844 1402 quoque
859 1316 1011 1380 itineribus
1027 1318 1080 1380 dea
1096 1316 1177 1381 vialis
1194 1333 1283 1396 prae·

117 1429 178 1482 erat
192 1428 225 1482 ut
241 1413 430 1496 θαλάσσιος
451 1414 528 1500 θεά,
544 1422 794 1503 quemadmodum
809 1440 825 1483 a
840 1419 995 1483 llclanthio
1011 1420 1125 1492 dicitur,
1140 1420 1177 1482 de
1192 1418 1284 1481 Eleu·

117 1522 173 1586 sin.
190 1530 310 1604 myster.
326 1523 403 1604 apud
415 1523 596 1588 Athenaeum
613 1524 662 1586 l'll
678 1544 707 1606 p.
720 1522 818 1586 32511.
833 1522 870 1585 m
884 1522 1019 1585 credibile
1034 1531 1089 1594 est,
1104 1523 1181 1585 hauc
1195 1540 1285 1604 prae·

117 1625 203 1706 cipue
218 1643 334 1688 causam
352 1627 455 1699 luisse,
470 1646 524 1690 eur
538 1628 704 1708 Aeginetae,
724 1626 861 1689 homiues
877 1627 1004 1689 insulani
1018 1637 1048 1689 et
1061 1627 1103 1688 rei
1118 1625 1285 1689 maritimae

118 1738 234 1808 practer
253 1735 367 1789 ceterm
386 1729 489 1801 dediti,
513 1730 640 1791 Hecaten
664 1728 741 1809 apud
762 1748 795 1790 se
815 1746 1005 1808 summopere
1029 1727 1172 1797 colerent,
1196 1728 1284 1790 cuius

117 1829 203 1891 ctiam
216 1828 353 1910 mpeeria
365 1829 444 1909 apud
455 1849 508 1891 eos
519 1840 611 1903 eraut,
622 1830 659 1892 ab
670 1829 800 1910 Orpheo,
812 1838 844 1890 ut
858 1829 934 1890 laura
950 1827 1067 1901 screbat,
1082 1828 1233 1892 instituta³
1242 1837 1285 1907 ²),

118 1949 193 2011 quae
204 1921 357 2007 Ἐνοδίας
376 1926 507 1994 τελέται.
529 1942 669 1996 vocantur
683 1951 699 1994 a
714 1931 860 2001 Luciano,
879 1930 978 2009 Nauig.
993 1949 1018 1994 c.
1036 1931 1083 1992 15.
1112 1931 1217 1993 Fuisse
1229 1950 1285 1995 au·

119 2040 178 2094 tem
198 2050 264 2094 cum
286 2034 332 2095 his
351 2032 443 2096 saeris
459 2033 547 2095 etiam
568 2034 756 2096 lustrationes
777 2033 948 2096 coniunctas
964 2052 1105 2114 perquam
1122 2033 1285 2114 probabilis

120 2144 166 2197 est
181 2135 348 2198 coniectura
363 2134 513 2208 bobeclaii,
531 2135 674 2216 Aglaopb.
688 2154 719 2217 p.
732 2135 805 2208 212,
820 2134 1058 2215 quandoquidem
1073 2133 1152 2217 apud
1167 2134 1286 2198 bristo·

120 2237 249 2318 phanem
272 2236 301 2299 in
322 2236 427 2316 vespis
448 2256 473 2296 ι’.
498 2235 557 2296 122
586 2236 748 2304 l’bilocleu,
774 2245 807 2299 ut
824 2236 862 2298 ab
882 2237 994 2298 insania
1014 2237 1198 2310 liberaretur,
1221 2238 1285 2318 pri·

119 2356 202 2400 mum
214 2337 428 2418 Corybantibus
445 2336 585 2411 initiatus,
599 2347 670 2418 post
681 2336 821 2418 hegiuam
840 2337 982 2400 deductus
998 2337 1113 2401 dicitur.
1140 2339 1178 2401 Et
1194 2321 1285 2400 testass

119 2449 167 2502 tur
187 2439 275 2501 etiam
296 2436 468 2500 scholiastes
488 2437 637 2500 Theocriti
657 2438 692 2501 ad
712 2437 751 2511 11,
777 2438 831 2514 311,
857 2438 1037 2520 pollutorum
1057 2451 1086 2501 et
1105 2440 1284 2520 piandorum

120 2540 359 2623 procurationem
379 2539 414 2600 ad
435 2538 560 2602 lleeateu
585 2539 772 2619 pertinuisse.
807 2541 915 2603 Eadem
940 2559 1031 2621 porro
1055 2541 1283 2605 medicaminum

35 2659 38 2665 ’
120 2643 198 2705 uires
219 2638 393 2719 multiplicus
415 2639 443 2701 in
465 2649 609 2720 potestate
624 2641 730 2704 hahere
744 2642 915 2723 putabatur,
934 2662 1037 2705 coriam
1053 2643 1192 2716 maxime,
1211 2662 1286 2725 quae

121 2743 150 2805 in
163 2741 310 2805 veneticiis
332 2760 366 2802 ac
385 2741 625 2806 fascinationibus
640 2742 868 2816 adhibebantur,
889 2745 1068 2825 omninoque
1083 2763 1191 2807 omnes
1207 2756 1286 2806 artes

122 2843 252 2923 magicae
268 2842 538 2922 incantationesque
552 2844 588 2906 ad
603 2844 727 2906 lleeaten
744 2844 844 2905 reterri
860 2843 1025 2918 selenen).
1056 2845 1130 2907 llinc
1143 2865 1192 2917 ea,
1208 2845 1286 2909 sicut

124 2944 249 3006 salutare
268 2943 438 3005 homiuibus
459 2963 567 3006 uumeu
588 2944 712 3007 habehat
725 2953 956 3025 promptumque
970 2945 1006 3007 ad
1019 2964 1106 3025 opem
1123 2946 1284 3019 terendam,

122 3045 199 3106 uude
214 3035 374 3128 Ertuotlvq
390 3065 406 3105 ιι
423 3044 597 3106 Callimacho
613 3045 688 3106 dicta
703 3047 821 3116 cst³⁴l,
836 3045 878 3106 sic
893 3063 954 3107 uon
970 3064 1038 3108 raro
1049 3046 1136 3108 etiam
1152 3049 1285 3110 malefica

120 3215 199 3225 usa--
214 3216 369 3224 .---.-.-.
400 3216 419 3222 ..

122 3315 201 3367 napa
218 3293 266 3355 τὰς
277 3296 412 3366 γενέσεις,
425 3294 536 3361 ulceraria
553 3297 585 3368 ιῇ
603 3295 685 3369 lupar]
703 3304 766 3360 (aer.
779 3298 812 3370 agl
821 3292 935 3370 Ἑκάτῃ,
952 3315 1007 3350 cura
1020 3299 1134 3351 Bentlcic
1151 3300 1183 3351 ad
1196 3299 1285 3352 llerat.

123 3400 200 3435 carm.
214 3399 282 3434 sace.
295 3398 320 3432 r.
336 3382 383 3446 ta),
397 3376 444 3432 deb
456 3381 502 3432 racd
515 3377 598 3453 aurire)
611 3378 695 3439 κὺιιις
707 3386 906 3452 προετίθεσαν.

190 3467 233 3529 31)
247 3466 283 3517 Cl.
297 3465 324 3516 C.
337 3464 365 3516 F.
379 3465 511 3516 licunauu.
524 3467 653 3534 antiquitt.
667 3468 739 3531 reliq.
754 3467 798 3520 Gr.
812 3468 837 3534 ἦ.
850 3469 880 3519 15
894 3476 945 3520 net.
959 3469 1078 3520 tt-tt.

191 3551 232 3614 32)
246 3551 352 3602 Paucae.
367 3549 485 3611 11,31),2,
514 3551 552 3601 Cl.
565 3551 652 3603 Libau.
667 3568 704 3602 ur.
719 3551 777 3604 XIV
791 3559 849 3603 tom.
864 3550 884 3604 ll
898 3569 921 3619 p.
931 3553 994 3604 tto:
1008 3550 1180 3622 Μίιιινιῖρος
1191 3582 1226 3594 -
1237 3555 1288 3624 qt·

123 3629 336 3706 1οςἝιιι1ιῃκιι1
351 3632 522 3697 llooeadoire,
540 3635 632 3688 aaron
646 3634 886 3706 petershausen
899 3632 971 3706 imip
988 3637 1044 3688 coir
1058 3634 1164 3704 ἐκείνης
1180 3634 1288 3709 ὀργίων

122 3721 153 3775 du
166 3722 198 3794 τῇ
212 3716 287 3788 νήσῳ
300 3723 456 3790 xopcquior
468 3715 508 3772 ait·
520 3721 568 3770 rod
581 3715 696 3772 bariaco.

191 3807 233 3870 33)
247 3806 286 3858 Cl.
301 3807 386 3874 Eurip.
399 3805 465 3858 utet.
479 3823 503 3858 v.
514 3805 571 3858 391.
583 3806 635 3859 Ῑοιι.
648 3824 673 3858 v.
688 3808 761 3859 tubo.
786 3807 915 3860 Theocrit.
929 3807 963 3873 lt,
979 3807 1018 3860 ta.
1042 3808 1127 3860 Schol.
1140 3808 1227 3877 Aput.
1239 3809 1287 3862 ltu.

123 3892 232 3959 111861.
256 3893 284 3943 C.
297 3892 327 3943 F.
340 3892 472 3942 llcranaaa.
486 3893 504 3943 l.
517 3892 534 3942 Ι.
548 3892 570 3957 5.
581 3892 612 3943 12
626 3899 678 3943 not.
691 3894 716 3945 9.
731 3894 770 3944 tu.

192 3979 233 4040 311
254 3978 337 4046 Etpn.
356 3977 391 4030 bl.
408 3993 431 4043 p.
442 3976 506 4039 3112,
520 3977 561 4028 tt.
588 3971 726 4042 declqu
744 3975 759 4043 ip
775 3972 871 4043 Τιιιὶιη
889 3978 996 4047 λέγεται
1015 3973 1093 4047 noph
1113 3975 1287 4051 Καλλιμάχῳ

122 4058 183 4115 anr'
198 4058 382 4135 ἀντίφριισιν,
402 4059 416 4129 ὴ
432 4058 473 4132 μὴ
486 4053 556 4114 orion
569 4054 689 4119 εὔκολος.
712 4062 747 4113 lle
763 4065 900 4131 antiphrasi
916 4065 1023 4128 gratiam
1041 4064 1145 4116 iacimua
1161 4081 1287 4131 smmu-

124 4151 183 4202 ticu.
209 4150 299 4217 Quidni
312 4150 378 4201 enim
389 4148 525 4200 beneficam
537 4148 620 4212 deam,
638 4147 736 4214 qualem
749 4148 872 4200 llesiudua
886 4151 1015 4217 proponit,
1028 4150 1104 4204 ctiam
1117 4152 1287 4205 Callimachus

123 4237 322 4303 praedicaverit?
342 4233 543 4302 Comparabinaa
554 4241 637 4284 autem
648 4233 768 4284 blercurii
781 4250 917 4299 cognomen
928 4229 1063 4299 Iiaiaolor,
1076 4239 1141 4304 qaod
1154 4239 1210 4290 haic
1220 4240 1285 4309 apud

125 4321 313 4390 bletapoutiuos
324 4321 428 4374 inditum
441 4319 520 4371 laiaac
532 4319 673 4388 llesycltiua
686 4335 707 4370 a.
716 4335 742 4370 v.
755 4326 876 4384 testatae,
888 4337 963 4389 quum
976 4324 1127 4390 praesertin
1138 4325 1215 4376 ctiaaa
1226 4342 1287 4376 coa·

122 4405 242 4472 iungatur
253 4423 309 4460 cara
321 4404 448 4460 bleccariu
461 4404 555 4457 llccatc
573 4404 604 4456 alt
616 4404 735 4456 llcsiodo.
758 4406 808 4457 Sed
820 4407 978 4459 demonstrat
989 4415 1073 4460 tanea
1086 4409 1148 4461 illud
1160 4405 1223 4461 κατ’
1236 4405 1286 4462 rir-

120 4495 266 4570 τίφρασιν,
279 4511 330 4551 aaa
340 4488 532 4561 em'uastoq
544 4483 666 4558 q‘rsatq
676 4490 816 4559 lepaadma,
828 4492 893 4558 qued
905 4493 930 4544 iu
940 4491 1024 4562 Etpaa.
1033 4503 1112 4563 napt.
1120 4495 1182 4548 bibl
1192 4494 1283 4550 Utrai.
