2962 4808
785 355 826 418 ³0

704 442 799 452 nant·-
846 444 907 453 ο-

226 548 271 602 eet
284 541 365 622 quod
379 560 431 604 aer
445 541 575 625 undique
589 552 670 626 pretet
684 555 714 606 et
728 545 915 626 penetrabilis
930 555 989 620 est,
1010 557 1040 609 et
1059 566 1162 630 mpere
1183 549 1283 612 omnia
1299 568 1390 632 posse

226 642 346 707 ridetur.
386 645 480 708 Etiam
507 646 681 710 Phoenicius
704 651 917 732 eesmngemiue
942 652 1104 733 interpres,
1128 673 1216 734 quem
1241 652 1390 716 Eusebius

225 756 375 810 auctorem
397 749 531 831 sequitur
550 769 649 834 praep.
666 772 713 815 eu.
729 753 757 827 Ι,
781 755 834 829 tn,
855 773 954 817 aerem
976 756 1057 819 ilium
1078 756 1286 836 caliginosum,
1307 748 1391 838 ἀέρα

226 844 359 938 ζοφώδη
375 849 434 916 καὶ
456 849 685 942 neeepuuddp,
701 858 780 920 urtde
795 876 895 921 rerum
908 858 987 920 initia
1002 868 1067 920 orte
1082 870 1192 932 essent,
1207 854 1287 936 χάος
1299 859 1390 921 inter·

224 964 355 1035 pietatus
370 967 415 1019 est
431 954 573 1042 dedseris
586 954 644 1024 καὶ
659 953 833 1043 imputes:
850 962 978 1042 itemque
994 960 1193 1043 Orpirieerum
1210 960 1239 1036 ii,
1255 961 1305 1043 qui
1321 971 1392 1043 post

224 1050 354 1138 Χρόνον
375 1079 400 1122 s.
426 1070 544 1143 tempus
566 1063 713 1128 inlinitum
733 1083 833 1127 rernm
859 1065 1003 1147 principie
1029 1074 1194 1147 posuerunt
1218 1065 1335 1126 aethere
1363 1074 1392 1126 et

225 1162 325 1233 einans,
340 1163 398 1224 hnc
410 1163 500 1226 chaos
516 1183 577 1229 nnn
593 1168 721 1249 spatium
737 1168 824 1231 inane
835 1168 976 1250 omnique
989 1166 1110 1230 materia
1122 1185 1257 1240 saeuum,
1273 1166 1324 1229 sed
1337 1185 1390 1229 ne-

224 1263 323 1326 lmlam
343 1264 491 1344 quandam
512 1267 716 1349 caliginosam,
742 1261 944 1333 σκοτόεσσαν
966 1259 1115 1354 ὁμίχλην,
1139 1289 1205 1332 esse
1225 1270 1389 1343 noluerunt,

187 1377 205 1430 t
226 1367 334 1430 netireri
353 1367 450 1431 lucide
469 1379 500 1432 et
518 1391 595 1453 pum
616 1373 836 1454 oppositum).
865 1371 966 1453 Neque
987 1371 1063 1433 inter
1078 1371 1274 1453 philosophos
1290 1372 1392 1433 deine·

226 1480 310 1544 runt,
330 1471 437 1553 quilius
452 1473 548 1554 prima
563 1476 684 1538 materia
706 1487 755 1539 ant
770 1495 820 1539 aer
835 1485 886 1539 eut
900 1475 995 1538 simile
1010 1475 1150 1558 quiddam
1166 1474 1227 1537 aeri
1242 1474 1333 1537 inisse
1349 1473 1393 1537 ri·

226 1574 357 1649 deretur,
373 1575 419 1638 eui
434 1577 522 1659 proin
537 1578 596 1640 line
615 1578 713 1661 ipsum
729 1579 804 1642 aeris
821 1599 929 1642 nomen
949 1578 1132 1653 indiderunt,
1153 1588 1185 1641 nt
1196 1578 1393 1642 Anaximenes

227 1688 257 1740 et
267 1678 411 1760 Diogenes
422 1680 625 1762 Apolloniates
637 1685 677 1760 ²),
692 1701 783 1763 quum
797 1692 900 1745 cerrus
906 1681 1022 1757 Thales,
1033 1682 1069 1744 nd
1082 1681 1203 1745 Homeri
1216 1682 1393 1763 exmnpium,

228 1799 327 1845 rerum
342 1783 522 1866 principium
537 1804 644 1866 nquam
660 1785 752 1848 fuisse
767 1792 920 1859 statueret,
936 1803 1025 1866 quam
1042 1785 1215 1847 sententiam
1231 1784 1319 1846 etiam
1335 1783 1393 1847 Or·

229 1885 333 1965 plrieos
348 1886 493 1968 quosdam
508 1887 660 1970 ampiexus
675 1908 742 1950 esse
757 1886 923 1970 accepimns
934 1889 973 1965 ¹¹).
986 1922 1027 1932 —
1040 1889 1100 1951 Sed
1116 1887 1233 1951 Oceano
1245 1887 1394 1950 iionrems

230 1989 367 2072 Tethyn
387 1989 534 2072 copularit
549 1991 579 2053 ii.
595 1991 674 2067 xlv,
690 1991 767 2067 202,
788 1992 825 2054 de
844 2011 901 2075 que
913 1990 1070 2071 ambigitur
1084 2012 1100 2055 u
1116 1991 1186 2055 riris
1202 1990 1394 2066 doctissimis,

230 2101 376 2156 terramne
391 2093 544 2175 signitieet,
559 2114 597 2159 en
612 2097 648 2158 nd
660 2117 752 2178 aquae
768 2107 904 2160 nuturmn
916 2109 944 2158 et
959 2095 1022 2176 ipse
1034 2096 1188 2176 pertineat,
1203 2097 1290 2160 utris
1306 2096 1394 2159 huius

228 2197 359 2260 mascula
374 2196 449 2260 etad
462 2199 658 2280 procreandas
670 2219 721 2263 rex
733 2203 834 2263 effrem
847 2200 975 2273 Oemnn,
992 2199 1116 2262 feminea
1130 2200 1206 2262 etad
1219 2199 1394 2282 pariendum

229 2299 476 2381 nutriendumque
491 2312 557 2382 nptu
572 2302 674 2384 Tethyi
689 2304 829 2366 attribute
845 2303 892 2366 sit
921 2303 1048 2365 Alterum
1061 2302 1237 2365 sententium
1249 2301 1395 2365 veteribus

228 2402 349 2465 Homeri
369 2402 579 2486 interpretibus
595 2406 741 2487 placuisse
756 2407 843 2470 docet
857 2407 950 2469 edroi.
965 2407 1002 2469 ed
1017 2406 1048 2468 ΙΙ.
1064 2407 1082 2469 Ι.
1099 2405 1133 2468 i:
1155 2400 1270 2491 Tptdr
1286 2399 1324 2468 de*
1337 2399 1396 2490 τήν

228 2659 340 2710 ostendit
351 2659 397 2710 sibi
410 2660 486 2711 eines
499 2679 547 2712 nnn
557 2663 664 2730 spritium
677 2663 748 2713 inune
758 2663 839 2713 risum
852 2676 919 2726 esse,
932 2664 976 2714 sed
990 2663 1175 2715 tenebricosum
1187 2662 1301 2728 quiddam
1315 2659 1393 2712 nebu·

230 2744 269 2795 iee
280 2745 374 2796 simile:
388 2744 412 2796 id
425 2747 491 2798 enim
503 2747 585 2812 religo
597 2747 731 2812 significet

296 2830 320 2892 u)
335 2830 373 2882 Cf.
387 2831 524 2899 ieee.epud
537 2832 646 2883 tonect.
660 2833 780 2900 Aglaoph.
795 2849 818 2899 p.
829 2831 886 2884 did.
900 2834 924 2883 4.
937 2859 972 2870 -
987 2832 1040 2883 idue
1058 2833 1168 2898 pertinet
1186 2833 1261 2883 etiem
1278 2846 1396 2881 rer-ense

228 2915 359 2968 lactentis
372 2917 465 2969 institt.
476 2919 527 2969 dir.
542 2917 560 2983 i,
573 2935 595 2970 e.
609 2919 624 2968 5
636 2919 742 2984 citatus,
760 2919 801 2985 qni
813 2917 949 2969 Pinnetem
963 2918 1133 2985 περιμηκίος
1150 2911 1230 2986 ἠέρος
1248 2912 1309 2968 etde
1325 2916 1395 2967 dicit.

227 3001 323 3071 Nempe
335 3002 433 3054 rinno·
445 3020 478 3055 ex
491 3021 540 3056 orn
553 3004 652 3072 prodiit,
664 3004 688 3054 in
701 3005 772 3055 cuins
785 3004 889 3068 tigni-nm
902 3004 1010 3067 einos,
1022 3003 1151 3052 aethere
1163 3003 1293 3066 agitatum,
1307 3002 1395 3052 eoelu-

229 3095 293 3140 ernt.
303 3087 360 3140 vit.
375 3089 436 3140 diss.
451 3091 482 3141 de
498 3091 568 3158 poesi
582 3092 665 3154 tireng.
676 3106 698 3156 p.
714 3090 752 3139 10.
780 3089 817 3140 Ci.
833 3089 910 3140 Ciem.
929 3088 999 3139 Rom.
1018 3102 1119 3151 recogn.
1131 3086 1156 3138 X
1170 3102 1194 3153 p.
1207 3088 1254 3137 lid
1272 3088 1311 3137 ed.
1326 3088 1395 3137 Cot:

229 3173 726 3241 „Sapientioresintersertiies
748 3174 843 3226 initio
861 3175 1072 3226 rerumedaes
1094 3172 1195 3224 inisse
1212 3173 1332 3223 dieunt.
1365 3169 1395 3222 id

230 3260 428 3327 perlongum
454 3267 570 3329 tempus
591 3270 743 3314 externus
765 3268 871 3329 purten
892 3260 1092 3313 condentem
1114 3258 1238 3309 tendent
1262 3256 1325 3308 sibi
1349 3254 1396 3306 ie·

230 3346 315 3398 eim
332 3345 413 3397 fines
434 3340 618 3415 eertumqrie
639 3345 779 3412 fundum,
801 3354 895 3413 utque
919 3346 971 3397 ori
994 3344 1134 3396 immunis
1150 3341 1396 3411 ueeepisseior·

230 3447 311 3484 mem.
336 3431 454 3484 Deinde
473 3433 529 3485 sub
546 3433 636 3485 iliius
650 3442 735 3486 testu
752 3434 853 3486 virum
870 3433 997 3500 aliquod
1015 3447 1086 3483 esse
1103 3437 1300 3496 generatum,
1318 3428 1397 3496 qued

232 3516 890 3570 resisteretarormniniecerint-remim
904 3519 932 3569 in
947 3519 1045 3569 iurem
1059 3517 1232 3585 prodierit:
1246 3533 1355 3567 nemen
1369 3515 1397 3564 ei

231 3619 302 3655 esse
312 3603 460 3658 Phasim
474 3605 541 3673 sple
550 3605 653 3657 ndere.
661 3608 678 3633 “
696 3605 813 3658 Ceterum
823 3611 937 3672 uppnret,
948 3620 995 3653 nnn
1006 3603 1101 3654 minure
1112 3603 1166 3653 inre
1177 3600 1310 3652 Pirenetem
1321 3599 1397 3650 etium

231 3691 373 3743 seties-is
388 3691 463 3743 fllium
475 3692 523 3744 diei
536 3693 657 3761 potuisse,
670 3693 873 3760 qnenredmodum
885 3692 909 3742 in
919 3691 970 3743 uiis
983 3691 1094 3742 eiusdem
1108 3689 1225 3741 carminis
1239 3687 1294 3738 ineo
1305 3685 1397 3738 suetum

232 3780 339 3842 ridetur,
349 3794 388 3846 ep.
413 3776 527 3830 Pretium
540 3781 570 3832 ed
581 3780 646 3833 rrae.
657 3778 722 3831 Tim.
736 3777 757 3831 ii
769 3796 792 3848 p.
806 3779 852 3830 1³2
867 3780 897 3831 B:
913 3772 983 3847 παρ’
997 3772 1097 3848 ’Oppii
1107 3805 1142 3814 -
1157 3771 1172 3827 ὁ
1187 3769 1285 3840 Φάνης
1297 3788 1398 3842 περι-

232 3865 374 3922 καλλέος
393 3867 548 3936 ,ίῐθέρος
571 3863 641 3925 υἱὸς
662 3860 838 3940 ὀνομάζεται.
872 3865 959 3934 Neque
981 3873 1063 3916 umen
1086 3870 1219 3930 propterea
1241 3861 1316 3912 etiem
1333 3857 1397 3925 epud

234 3951 389 4004 laetantium
401 3954 517 4024 αἰθέρος
534 3956 718 4007 rescribendum
731 3955 893 4019 crediderim,
911 3954 976 4021 qued
990 3951 1131 4004 Lnbeciins
1144 3966 1168 4017 p.
1178 3947 1228 4000 480
1241 3947 1317 3999 tueite
1331 3942 1399 3995 iecit.

235 4037 297 4091 lietu
310 4047 413 4092 tuentur
425 4033 505 4111 ἠέρος
516 4048 543 4091 et
555 4041 632 4109 ipsius
645 4041 769 4094 lactantii
782 4041 867 4103 verbu,
880 4055 954 4108 quum
966 4038 1102 4090 Pirunetem
1115 4051 1153 4087 ex
1165 4050 1239 4086 uere
1252 4035 1399 4085 immenso

235 4133 319 4178 utum
331 4141 389 4176 esse
400 4126 469 4190 dicit,
481 4133 509 4178 et
520 4126 641 4192 codicum,
654 4130 718 4196 quod
732 4128 817 4192 scieru,
832 4125 939 4178 omnium
953 4140 1102 4176 censensus.

304 4211 328 4274 ἶ)
342 4210 389 4263 i'id
402 4213 471 4265 inens
483 4229 497 4264 e
509 4213 608 4265 iiittere
621 4222 647 4266 et
656 4213 771 4266 Preitere
780 4214 872 4265 eitetos
885 4212 910 4263 in
921 4211 1016 4263 iiiitoe.
1030 4208 1121 4278 philos.
1132 4204 1323 4260 Geeeee-iimn.
1337 4202 1399 4271 pit

235 4296 614 4363 -stmffifflssfflm

304 4381 403 4447 Sinite.
412 4383 443 4435 de
454 4400 523 4453 pnes.
534 4386 617 4451 theos.
627 4383 1050 4454 p.1d.sottt.tdt.tnsttn.mrt
1060 4384 1158 4436 eohort.
1168 4379 1212 4433 ni
1223 4394 1247 4447 p.
1257 4378 1297 4430 rt.
1309 4376 1401 4442 lton,
