2962 4808
98 785 257 868 Antiphani
273 784 424 861 tribuitur,
438 785 662 869 cosmogoniam
677 787 715 849 ab
729 786 790 860 illa,
809 803 897 868 mana
914 784 1005 848 modo
1020 805 1055 848 ex
1068 785 1268 866 Aristophane

99 888 324 972 proposuimus,
336 896 397 950 tam
410 888 554 951 diversam
565 908 642 961 esse,
654 900 686 951 ut
699 888 855 952 reiicienda
867 888 906 951 sit
918 888 1054 951 lleiuelsii
1065 888 1216 970 suspicio²
1226 891 1268 964 ³),

100 991 277 1073 Antiphanis
292 1009 403 1053 nomen
419 991 603 1055 librariorum
619 1010 719 1054 errore
735 1011 789 1073 pro
805 991 1014 1071 Aristophanis
1030 991 1182 1073 seriptum,
1199 989 1268 1053 rrul·

100 1095 221 1176 lumque
235 1094 323 1157 alium
339 1094 436 1157 locum
452 1094 573 1157 lrenaeo
590 1094 778 1157 olorersatum
788 1114 877 1173 ¹esse,
897 1113 985 1174 quam
1001 1095 1066 1157 illos
1082 1096 1185 1157 Arium
1203 1112 1268 1155 rer-

101 1215 163 1261 sus.
194 1195 267 1258 Nam
285 1195 496 1278 Aristophanes
509 1197 607 1261 Chaos
622 1197 719 1279 primo
736 1196 802 1259 loco
819 1196 965 1269 nominatr
980 1198 1057 1278 apud
1069 1197 1268 1278 Antiphonem

101 1299 200 1362 Chaos
220 1307 378 1380 generatur
395 1319 430 1362 ex
446 1300 539 1363 Nocte
558 1310 589 1363 et
603 1299 693 1363 Sroto
710 1299 771 1362 sire
786 1300 922 1363 Silentia:
943 1301 1022 1381 apud
1038 1300 1270 1381 Aristophanem

102 1402 168 1465 Nox
183 1421 271 1465 ovum
287 1402 372 1485 ponit
384 1403 447 1466 sine
462 1414 598 1483 parente,
613 1405 692 1466 unde
706 1403 820 1486 Cupido
835 1403 1010 1477 excluditur;
1030 1404 1107 1485 apud
1125 1403 1270 1483 Antipha·

102 1523 170 1568 nem
183 1506 297 1588 Cupido
314 1505 416 1568 Noctis
431 1506 551 1588 quidem
567 1506 643 1569 lilius
658 1517 714 1577 est,
729 1507 782 1568 scd
797 1506 920 1570 alterum
935 1514 1088 1588 parentem
1101 1506 1199 1568 Chaos
1214 1505 1270 1567 lra-

103 1609 166 1683 het,
186 1626 282 1690 neque
303 1608 349 1672 ori
365 1609 443 1690 apud
458 1627 525 1672 eum
542 1609 652 1671 mentio
668 1609 713 1670 ht:
733 1608 859 1691 deniquo
873 1610 952 1690 apud
967 1609 1194 1691 Aristophanem
1211 1611 1271 1670 Cu·

103 1710 173 1791 pido
188 1731 224 1773 ex
239 1710 318 1774 Chao
338 1710 411 1773 deos
423 1710 563 1791 pinnatos
579 1728 757 1792 omnemque
771 1729 870 1773 rerum
887 1711 1104 1773 universitatem
1121 1721 1272 1793 proereat;

103 1814 182 1894 apud
203 1813 402 1894 Antiphonem
422 1813 536 1893 Cupido
557 1812 687 1894 primurn
707 1812 822 1874 Lumen
842 1823 975 1892 generat,
998 1813 1034 1873 de
1055 1831 1114 1892 qno
1134 1814 1206 1875 nihil
1225 1823 1273 1875 est

104 1918 183 1998 apud
199 1915 437 1996 Aristophanem,
453 1934 487 1977 ac
501 1914 606 1976 deinde
621 1914 695 1976 duae
707 1914 911 1995 generationes
923 1915 1046 1976 deorum
1059 1924 1273 1988 rraenmrantur,
1388 1982 1392 1988 ,

105 2016 300 2098 hominesque
316 2036 332 2079 a
348 2015 486 2079 secundis
500 2015 563 2077 dcis
579 2015 740 2096 procreati,
760 2035 886 2098 quarum
907 2036 1005 2080 rerum
1025 2017 1160 2080 orraninm
1180 2036 1273 2098 sparum

106 2119 177 2182 nihil
193 2119 269 2199 aprud
286 2118 514 2200 Aristophanem
531 2117 667 2180 irenaeus
684 2119 841 2194 invenerit,
862 2119 919 2181 nisi
935 2121 1015 2182 hume
1028 2128 1078 2182 aot
1094 2119 1207 2181 lramlis
1224 2128 1274 2181 aut

106 2240 241 2286 summae
259 2220 383 2284 levitatis
404 2220 573 2284 insimulare
592 2221 730 2294 velimus,
756 2220 890 2284 llleinclrii
916 2221 1061 2283 sententia
1082 2221 1162 2285 nullo
1184 2221 1275 2282 alredo

73 2346 76 2351 ’
106 2324 225 2407 probari
245 2344 337 2405 posse
351 2324 473 2387 ridetur.
503 2324 593 2387 llulto
609 2323 791 2406 probabilior
805 2331 851 2386 est
867 2323 966 2386 Grabii
986 2324 1169 2397 coniectura,
1191 2343 1275 2386 suur-

107 2417 1277 2512 psisseistaIrenaeumexhntiphaniscortecellaquaeinscriptaeratbtqoc-

109 2521 204 2613 dr'rqc
225 2520 331 2609 γοναί,
352 2527 381 2590 in
401 2548 459 2608 qua
474 2547 565 2609 ‹qrrrrm
582 2528 619 2590 de
634 2529 755 2590 Veneris
774 2537 842 2590 ortu
862 2528 972 2591 dietum
988 2527 1079 2590 luisse
1094 2529 1159 2609 ipse
1174 2528 1276 2589 titulus

110 2630 191 2692 facile
220 2630 472 2711 persuaeleat²⁴),
502 2629 745 2693 commodissime
774 2629 860 2693 etiam
890 2630 928 2692 de
953 2640 1121 2692 mterorunr
1150 2628 1276 2711 deorum

110 2731 268 2813 ornnisque
291 2749 390 2793 rerum
411 2741 533 2794 naturae
553 2732 665 2813 origne
686 2733 743 2796 dici
763 2732 898 2815 potuisse
917 2741 1052 2813 apparet:
1076 2749 1168 2813 eaque
1188 2751 1277 2793 causa

110 2834 231 2897 lrenaoo
247 2852 313 2896 esse
327 2834 434 2915 potuit,
450 2853 483 2896 ut
498 2834 700 2915 Theogoniam
715 2835 792 2897 hauc
808 2834 932 2897 fabulam
949 2835 1130 2910 norninaret,
1144 2854 1204 2917 quo
1218 2853 1276 2896 raso·
1300 2844 1332 2895 tu

111 2937 191 2998 mine
206 2936 413 3018 Aristophanis
428 2939 505 3000 Aves
522 2947 645 3019 propter
659 2956 771 3018 paucos
787 2938 852 3001 illos
869 2957 972 3001 sersus
988 2937 1128 3020 appellari
1143 2937 1278 3020 potuisse

111 3038 377 3102 mmmm

198 3142 255 3204 Sed
276 3143 457 3206 redeundum
478 3145 514 3206 ab
534 3143 581 3206 his
596 3143 779 3208 comicorum
798 3143 913 3207 lusibus
928 3146 965 3208 ad
981 3166 1034 3207 eos
1049 3155 1109 3219 est,
1129 3145 1179 3227 qni
1200 3143 1278 3207 serio

113 3245 250 3328 agebant,
271 3266 398 3328 quorum
414 3266 476 3311 non
491 3246 575 3329 pauci
591 3266 712 3329 magnas
728 3247 864 3330 Cupidini
881 3258 979 3330 partes
994 3247 1141 3312 inmundi
1157 3247 1280 3309 eonfor-

113 3349 241 3412 matioue
261 3350 457 3432 assignarunt.
487 3351 562 3415 Nam
577 3351 774 3435 Pherecydes,
788 3351 893 3434 placita
908 3371 961 3414 sua
977 3351 1061 3414 miris
1076 3350 1280 3430 allegoriarum

113 3453 217 3515 formis
233 3451 400 3529 includens,
419 3473 569 3518 summum
585 3456 689 3532 ileum,
705 3475 793 3538 quem
808 3455 906 3518 lovem
923 3455 1004 3530 dixit,
1020 3477 1036 3520 a
1051 3477 1111 3537 quo
1126 3454 1280 3517 materiam

113 3565 224 3619 motam
239 3566 327 3639 atque
341 3559 497 3621 formatam
513 3557 616 3634 uoluit,
636 3559 666 3621 in
680 3559 770 3622 huius
784 3559 894 3641 opificii
909 3578 1071 3640 progressu
1085 3559 1122 3621 ad
1142 3557 1281 3621 socianda

114 3661 190 3723 inter
209 3679 241 3724 se
261 3668 387 3742 apteque
406 3661 558 3724 vincienda
574 3679 674 3724 rerum
690 3660 835 3725 elementa
849 3662 880 3725 in
895 3661 1070 3744 Cupidinem
1086 3683 1119 3725 se
1133 3663 1282 3725 transtor-

117 3872 353 3882 ...ηε-σω..--
366 3874 373 3879 -
383 3873 414 3881 .-

115 4028 161 4064 eos
170 4019 296 4064 mutuatos
308 4028 366 4064 esse
375 4019 520 4078 arguerent,
533 4018 618 4063 notum
631 4017 680 4063 cst.
704 4009 762 4061 vir.
772 4009 900 4079 llippolp't.
913 4026 936 4080 p.
948 4013 996 4063 ill
1007 4010 1081 4075 llill,
1093 4020 1120 4065 et
1131 4011 1284 4064 l'euarrlent.

114 4100 146 4150 ael
160 4098 280 4167 Epipbun.
294 4098 337 4168 lp.
347 4099 388 4151 27.
410 4099 536 4167 Smgias
553 4098 651 4165 quidem
663 4113 750 4148 eorum
762 4096 838 4147 etiarn
851 4097 876 4148 iu
886 4098 989 4150 llesiodi
1003 4099 1137 4164 theogonia
1149 4115 1285 4168 praemon-

117 4191 212 4236 stratas
224 4200 282 4237 esse
295 4184 447 4255 Epiphanius
460 4185 633 4237 demonstrare
646 4183 748 4249 satagit,
760 4184 818 4236 adv.
831 4184 900 4236 haer.
913 4184 957 4236 lib.
970 4183 990 4237 l.
1002 4183 1034 4238 Τ.
1047 4184 1068 4238 ll
1082 4203 1106 4255 p.
1120 4186 1167 4239 tot
1181 4187 1208 4237 ll.

185 4270 227 4335 2³)
246 4271 343 4324 Hister.
355 4271 412 4323 crit.
425 4287 489 4323 eona.
502 4287 585 4336 graec.
597 4288 621 4340 p.
631 4270 681 4324 318
694 4288 748 4340 sqq.

185 4359 228 4425 ll)
248 4359 284 4413 De
297 4359 419 4411 similibus
432 4359 569 4411 lahularum
583 4358 663 4410 titulis
676 4356 788 4424 loquitur
799 4355 943 4411 Lobeehius
955 4360 1011 4426 Agl.
1023 4377 1048 4429 p.
1061 4359 1111 4412 aad
1123 4377 1176 4430 sq,
1194 4362 1236 4429 qui
1250 4361 1288 4413 l'a-

117 4444 189 4497 bulus
201 4463 215 4497 a
229 4447 382 4498 solemnibus
394 4445 534 4514 appellatas
544 4445 655 4509 coniicit,
667 4459 772 4512 quorum
784 4444 916 4510 imaginem
926 4456 1152 4516 repraesentarent
1161 4449 1288 4501 inaltandis

118 4531 250 4596 conviviis,
263 4532 403 4601 pervigiliis
414 4532 522 4600 aliisque
534 4531 648 4584 ludicris.
672 4530 768 4599 Nempe
779 4531 811 4583 alr
823 4531 855 4583 iia
867 4533 1031 4598 aelernaibua,
1044 4534 1086 4603 qui
1098 4531 1202 4588 deorum
1214 4544 1287 4587 nata·

119 4616 176 4669 licia
187 4626 262 4671 emat
272 4626 318 4672 aut
329 4634 388 4671 aare
400 4617 577 4671 credebantur.
