2962 4808
591 315 792 417 Q.

110 503 208 568 etune
229 503 288 567 tam
306 501 343 568 ad
363 502 458 587 ipsam
478 507 619 573 translato
638 507 881 592 adstringeretur,
907 505 983 568 letus
1002 502 1048 567 edi
1070 521 1192 567 amase
1211 513 1276 567 erat

110 624 172 670 non
192 606 395 689 imperfectos,
420 607 472 670 sed
493 620 639 689 maturos,
658 631 754 696 neque
772 611 902 682 steriles,
926 607 979 671 sed
999 606 1156 682 fecundos,
1178 625 1274 688 ncqm

110 720 278 774 aversantes
290 711 468 786 seinvicem,
484 714 535 776 sed
547 714 709 778 sociabiles.
735 716 796 778 llae
810 722 931 778 naturae
942 711 1017 774 rircs
1030 710 1168 792 legesque
1179 709 1275 791 signi·

112 815 235 876 deantur
249 813 299 888 iis,
317 815 366 896 qui
381 835 397 877 e
412 815 489 878 Coeli
509 817 676 896 genitalium
694 817 838 898 sanguine
860 816 889 878 in
909 823 1017 877 terram
1032 815 1127 874 elluso
1142 813 1275 876 extitisse

112 915 262 989 dicuntur,
282 907 435 1002 Ἐρινύες,
451 917 661 993 blaturinae,
682 912 851 1003 Γίγαντες,
867 914 1064 987 Genitales,
1084 906 1273 990 statutae,

112 1017 308 1082 Cicurinae.
342 1020 496 1083 Generatio
519 1031 615 1085 aarum
642 1022 740 1085 omnis
765 1022 832 1103 quia
859 1038 912 1103 per
932 1020 1074 1082 launrores
1094 1018 1140 1093 dt,
1165 1017 1210 1080 ris
1229 1036 1274 1090 ea,

112 1139 186 1201 qnam
208 1120 303 1185 coitus
322 1131 494 1205 appetentes
515 1123 598 1197 lacit,
613 1114 811 1210 Ἀφροδίτη,
832 1121 1048 1204 Spumicita,
1067 1121 1127 1184 lroc
1140 1131 1187 1183 est
1199 1119 1274 1182 nillil

110 1221 187 1286 alind
202 1242 290 1304 quana
304 1224 400 1288 coitus
415 1227 593 1308 appetentia,
610 1227 742 1289 extitisse
761 1225 868 1289 dicitur
882 1246 899 1287 e
913 1223 993 1288 Coeli
1012 1223 1125 1286 semine
1147 1221 1178 1284 in
1193 1241 1275 1285 mare

112 1325 233 1409 delapso
247 1331 255 1370 ¹
267 1326 320 1402 61’).

197 1431 296 1495 llultis
320 1430 419 1495 modis
443 1431 637 1495 haecomnia
661 1450 728 1495 cum
748 1429 876 1493 Hesiodo
900 1445 1031 1508 pompare
1054 1425 1175 1509 quilibet
1195 1425 1277 1490 tacite

113 1533 324 1598 animadvertit
355 1534 430 1597 Nolo
446 1554 525 1598 nunc
540 1535 576 1597 dc
592 1534 730 1598 Titanum
746 1534 867 1596 nomine
886 1530 983 1593 dicere
1002 1529 1039 1593 ad
1059 1547 1180 1592 onmem
1196 1529 1277 1592 Coeli

111 1635 276 1718 Terraeque
291 1637 479 1718 progeniem,
499 1638 638 1718 Cyclopes
663 1637 750 1699 etiam
770 1646 801 1698 et
819 1633 1025 1708 Centimanos,
1048 1632 1085 1694 ab
1105 1633 1278 1698 llenuanno

115 1739 297 1812 translatum,
313 1749 363 1801 aut
377 1741 414 1803 de
429 1740 551 1803 occultis
566 1759 583 1801 a
598 1740 686 1802 Coelo
702 1758 763 1801 nen
779 1738 878 1801 selum
893 1735 1071 1819 Cyclopibus
1086 1745 1116 1798 et
1130 1735 1279 1799 Centima-

112 1841 169 1914 nis,
185 1843 236 1904 scd
253 1841 392 1904 omnibus
409 1842 587 1923 promiscuo,
603 1834 698 1924 neque
711 1841 780 1904 illud
793 1858 912 1922 quaero,
928 1839 1081 1920 quomode
1094 1839 1175 1914 baec,
1189 1858 1279 1921 quam

113 1943 301 2007 llermannus
315 1944 482 2026 proposuit,
498 1943 637 2007 Titanum
650 1954 760 2018 natura,
776 1961 843 2007 cram
858 1961 902 2017 ea,
918 1960 993 2022 quae
1004 1950 1074 2023 post
1084 1952 1278 2016 memoratur,

112 2064 215 2108 corrrm
237 2046 342 2108 subole
361 2045 509 2109 conciliari
530 2047 638 2126 possit,
659 2046 840 2127 omninoque
859 2063 921 2108 narn
941 2045 1075 2107 ‹allendar
1089 2043 1132 2107 rel
1152 2044 1280 2109 maxima

113 2147 200 2210 lulius
216 2147 464 2230 interpretationis
476 2148 661 2211 dissensione
675 2159 726 2211 aut
736 2167 803 2211 curn
820 2149 886 2229 ipso
899 2146 1028 2210 llesiodo
1039 2156 1091 2210 aut
1101 2166 1168 2210 curn
1181 2147 1280 2211 omnis

113 2249 293 2330 antiquitatis
306 2250 510 2332 opinionibus:
527 2251 585 2313 lroc
599 2271 691 2314 unum
709 2261 806 2314 tamen
822 2249 964 2333 postulari
980 2267 1072 2329 posse
1087 2247 1222 2322 arbitror,
1237 2261 1280 2325 ut,

70 2361 72 2365 ’
114 2372 188 2434 quae
203 2353 242 2415 ita
256 2362 467 2434 proponuntur
481 2353 627 2434 tantisque
642 2353 776 2416 laudibus
788 2355 958 2425 ellcruntur,
974 2351 1037 2433 ipsa
1052 2371 1106 2433 per
1120 2371 1153 2415 se
1168 2352 1278 2433 proba·

115 2454 182 2517 bilia
198 2455 272 2527 sint,
287 2464 320 2516 ut
334 2455 506 2537 conspirent
520 2455 618 2518 emnia
634 2456 709 2519 inter
725 2476 757 2517 sc
771 2464 894 2536 apteque
909 2454 1098 2530 cohaereant,
1112 2465 1146 2516 ut
1159 2453 1280 2535 intelligi

115 2556 240 2638 denique
255 2557 382 2637 possint
413 2559 506 2639 litque
518 2558 576 2620 lroc
590 2558 661 2620 milri
677 2557 863 2620 llennannus
878 2575 939 2620 non
953 2557 1069 2621 ridetur
1084 2556 1279 2640 praestitisse:

115 2659 195 2741 quod
216 2677 268 2722 cur
287 2659 326 2722 ita
348 2659 486 2736 iudicem,
504 2679 595 2742 quum
616 2661 729 2740 singula
748 2660 885 2741 persequi
905 2660 1026 2741 lengum
1046 2658 1099 2733 sit,
1120 2678 1181 2723 nno
1202 2671 1281 2724 certe

117 2771 203 2844 atque
217 2762 308 2825 altero
323 2763 484 2844 specimine
499 2763 662 2826 ostendam.
1212 2824 1214 2828 .

201 2866 344 2930 eludimus
359 2885 479 2930 omnem
496 2875 638 2930 terrarum
655 2866 758 2929 orbem
771 2866 855 2948 aquis
867 2865 1052 2940 inundatum,
1067 2875 1097 2928 et
1110 2865 1141 2928 in
1157 2864 1282 2941 turbida,

117 2988 190 3051 quae
201 2968 270 3032 binc
280 2971 381 3033 eliceto
396 2979 483 3045 essct,
498 2960 598 3032 rerum
614 2969 738 3032 mixtura
753 2969 909 3033 coniuncta
923 2970 987 3044 alia,
1002 2971 1056 3033 alia
1072 2980 1214 3053 separata,
1227 2971 1281 3034 alia

116 3073 146 3134 in
162 3071 251 3134 altum
267 3071 393 3147 sublata,
408 3072 461 3136 clia
478 3092 590 3148 mersa,
609 3074 662 3136 alia
678 3073 810 3147 duxisse,
831 3073 884 3136 alia
900 3074 1069 3150 alelluxisse,
1087 3073 1141 3137 alia
1157 3078 1282 3148 lirmata,

116 3175 170 3237 alia
190 3173 326 3250 excitata,
351 3175 406 3237 alia
433 3187 604 3258 expurgata,
631 3176 683 3239 alia
709 3176 817 3239 nutrita
837 3197 915 3250 esse,
935 3189 965 3240 ct
983 3178 1055 3241 lraoc
1075 3177 1170 3259 prima
1191 3177 1282 3240 lause

117 3277 276 3341 tentamina
301 3278 470 3341 condendae
493 3298 592 3343 rerum
617 3288 746 3342 naturae.
786 3280 945 3352 Quomodo
970 3280 1058 3361 igitur
1081 3279 1188 3343 Coelus
1211 3281 1284 3344 baec

118 3380 233 3455 nennio,
254 3389 287 3443 ut
306 3381 381 3444 edita
400 3392 497 3458 erant,
517 3400 620 3446 rursus
640 3382 802 3444 occuluisse
822 3381 949 3445 dicitur?
983 3382 1049 3446 Non
1070 3382 1100 3445 id
1120 3383 1202 3456 volo,
1222 3401 1281 3465 qna
1304 3393 1338 3448 rt

119 3502 206 3548 musa
222 3493 376 3564 permotus
392 3484 444 3547 sit:
460 3486 537 3548 lranc
550 3485 628 3547 enim
644 3484 832 3548 llermannus
847 3485 977 3566 apernit3
996 3504 1119 3548 exosum
1139 3505 1207 3549 esse
1226 3504 1281 3549 na·

118 3596 166 3651 tos
181 3607 253 3651 suos
265 3596 435 3670 propterea,
455 3588 535 3670 quod
554 3587 635 3651 irrita
650 3597 749 3651 essent
765 3607 869 3651 eorum
885 3589 1058 3660 tentamina,
1078 3591 1214 3653 nondum
1235 3590 1284 3654 in·

119 3703 207 3755 rento
223 3691 300 3755 iusto
312 3701 554 3773 temperamento.
581 3692 638 3754 Sed
655 3691 754 3773 ipsum
770 3691 839 3755 illud
856 3693 1021 3756 occulere
1035 3692 1106 3774 quid
1121 3713 1188 3757 esse
1203 3693 1283 3758 dice·

120 3793 208 3859 inus?
223 3788 367 3871 Πάντας,
384 3793 477 3876 inquit
492 3794 646 3871 llesiodus,
661 3785 923 3879 ἀποκρύπτασκε
939 3788 1035 3882 γαίης
1049 3791 1084 3861 ἐν
1098 3794 1283 3881 κευθμῶνι.

119 3900 242 3963 lntusne
256 3897 343 3980 igitur
357 3897 387 3960 in
403 3905 497 3961 terrae
511 3899 579 3962 sinu
593 3918 646 3961 eos
661 3897 828 3962 continuit?
857 3900 899 3964 lta
914 3900 1075 3975 Oceanum,
1090 3902 1151 3965 hoc
1164 3913 1211 3967 cst
1225 3903 1283 3966 vim

119 4020 262 4085 aequarum
275 4000 475 4066 nanciscimur
489 4002 724 4078 subterraneam,
739 4020 794 4085 pro
809 4022 853 4079 ea,
868 4023 953 4086 quac,
970 4004 1141 4070 llermanne
1156 4018 1286 4083 auctore,
1366 4070 1367 4073 ,

148 4246 151 4254 ’
191 4243 430 4310 remuneremur
446 4243 508 4295 banc
525 4242 647 4294 rationem
663 4250 766 4294 semem
778 4243 958 4310 allegoristae,
974 4247 1047 4300 velat
1063 4247 1169 4301 Cernat.
1187 4265 1212 4319 p.
1224 4246 1284 4301 13³:

114 4323 266 4402 Ἀφροδίτη
278 4357 313 4370 -
325 4324 374 4382 dni
387 4324 420 4382 rb
433 4322 553 4401 appete
566 4322 599 4380 τὰ
612 4327 765 4400 σπέρματα
777 4329 834 4382 ans
846 4326 923 4391 ζωόν
935 4329 1016 4386 εἶναι.
