2962 4808
677 359 717 422 57

115 551 249 632 prolecto
264 550 374 632 potuit,
393 561 427 615 ut
441 551 498 633 ipsi
513 552 630 634 quidem
646 551 724 616 114411
739 552 903 631 fontesque,
916 547 946 610 id
961 557 1008 610 est
1021 564 1115 628 aquae
1128 544 1177 608 his
1192 563 1280 608 rora-

115 652 191 716 bulis
206 653 374 735 appellatae,
389 675 425 718 ex
436 656 553 720 Oceano
568 676 696 731 manare,
712 655 902 719 moderamen
916 661 1014 715 444444
1025 669 1126 713 carum
1142 659 1172 712 et
1183 649 1278 730 impe·

115 756 193 819 rium
208 755 264 819 diis
279 757 447 840 deabusque
461 759 529 823 lore
539 761 644 842 genitis
657 760 799 824 tributum
813 777 879 822 esse
890 755 1065 820 crederetur.
1092 756 1279 835 Quamquam

114 859 206 942 prisci
228 859 347 941 quidem
366 862 405 925 illi
422 863 585 927 tabularum
600 875 749 939 auctores,
771 863 821 945 qui
836 860 925 944 primi
940 861 997 923 bos
1016 859 1090 921 deos
1105 858 1173 921 lore
1191 865 1279 920 natos

114 964 265 1040 dixerunt,
281 964 406 1029 dubitari
420 985 483 1031 non
494 977 592 1051 potest
606 969 677 1051 quin
692 967 763 1032 nihil
778 965 855 1029 aliud
870 963 1034 1046 significare
1048 960 1207 1036 soluerint,
1222 961 1281 1024 nisi

114 1067 258 1150 originem
273 1087 364 1150 aquas
379 1077 532 1135 terrestres
547 1073 584 1135 414
598 1073 680 1136 coelo
696 1071 824 1144 trabere,
844 1067 1093 1150 quemadmodum
1109 1065 1279 1130 Etrstatbius

114 1172 150 1234 ad
164 1171 197 1234 ll.
218 1170 268 1248 l'l,
283 1172 346 1235 420
365 1192 395 1254 p.
411 1174 487 1249 652,
507 1174 548 1237 37
568 1176 713 1257 nymphas
733 1173 810 1237 loris
831 1171 904 1234 lilias
920 1171 976 1234 dici
996 1170 1203 1253 iuterpretatur
1218 1164 1280 1234 41441

113 1269 173 1359 τὴν
198 1265 329 1339 dvorsa
354 1268 518 1364 ἑπομένην
545 1268 661 1355 αὐταῖς
682 1269 846 1362 ὑγρότητα
867 1269 925 1338 καὶ
948 1267 1156 1359 θερμότητα,
1182 1292 1279 1356 neque

113 1378 166 1442 alia
182 1379 297 1443 ratione
317 1379 478 1444 llesiodeae
497 1381 671 1461 theogoniae
690 1379 908 1462 compositores
927 1376 1027 1459 ipsum
1047 1380 1209 1447 Oceanum,
1228 1377 1280 1459 aqui

115 1481 187 1564 ipsis
202 1501 279 1559 non,
293 1493 327 1546 ut
341 1485 486 1559 Homero,
498 1504 598 1548 rerum
613 1483 748 1545 omnium
767 1480 959 1564 principium,
973 1480 1025 1542 sed
1040 1480 1196 1543 lluriorum
1211 1491 1278 1543 tan·

114 1586 269 1648 tummodo
295 1587 434 1669 princeps
456 1598 517 1661 est,
542 1587 629 1649 Coelo
654 1595 842 1668 procreatum
866 1586 1005 1646 lecerunt.
1040 1583 1098 1646 Sed
1124 1584 1281 1660 Humerus,

114 1688 285 1751 huiusmodi
300 1690 429 1753 rationes
444 1689 672 1769 allegoricasque
688 1687 917 1768 significationes
927 1685 999 1749 nibil
1014 1705 1136 1760 curans,
1150 1687 1282 1770 deosque

112 1791 228 1854 arebus
244 1792 329 1875 plane
340 1792 522 1869 discernens,
537 1793 614 1855 banc
628 1791 664 1854 de
675 1809 818 1873 aquarum
833 1788 1005 1853 numinibus
1020 1809 1055 1851 ex
1069 1789 1136 1852 lore
1148 1791 1221 1853 ortis
1237 1793 1281 1853 la·

113 1894 211 1957 bulum
223 1915 291 1958 cum
306 1896 394 1959 altera
405 1896 554 1978 opinione,
569 1914 644 1976 quae
659 1893 764 1956 1144144
780 1895 935 1974 sontesque
949 1912 983 1954 ex
995 1892 1112 1956 Oceano
1123 1893 1281 1968 derivabat,

114 2016 294 2080 componere
308 1999 372 2061 sine
386 1998 446 2061 ulla
460 1997 642 2060 dubitatione
657 1995 775 2078 potuit⁹
788 2000 839 2074 ¹¹³).
853 2029 898 2041 -
912 1995 1169 2071 Quemadmodum
1182 2009 1281 2061 autem

113 2101 191 2182 apud
216 2101 331 2182 priscos
356 2099 433 2162 illius
457 2099 569 2162 labulac
591 2109 728 2162 auctores
753 2097 914 2161 naturalem
933 2097 1010 2160 loris
1034 2098 1281 2179 significationem

112 2202 302 2283 agnoscimus
322 2202 359 2265 ab
377 2222 426 2276 ea,
447 2220 521 2282 quae
539 2202 617 2283 apud
633 2201 795 2263 llomerum
815 2211 844 2263 et
858 2200 1020 2265 llesiodum
1039 2202 1129 2265 nobis
1149 2203 1282 2280 ollertnr,

113 2304 192 2388 regia
207 2324 336 2387 persona
350 2303 509 2367 admodum
526 2303 680 2379 diversam,
694 2302 733 2365 ita
745 2303 832 2365 etiam
848 2302 925 2366 illam
936 2303 1012 2366 loris
1027 2305 1190 2380 notionem,
1205 2326 1281 2388 quae

114 2407 151 2470 ad
171 2407 305 2471 animum
325 2415 468 2470 statores
486 2405 626 2487 pertinet,
643 2405 728 2470 aliam
749 2407 827 2488 apud
848 2407 1081 2485 vetustissimos,
1100 2409 1186 2473 abant
1200 2413 1280 2495 apud

114 2513 293 2594 posteriores
313 2511 403 2575 luisse
418 2509 559 2573 videmus.
589 2510 626 2574 Et
642 2511 696 2574 bac
710 2510 829 2591 quidem
850 2510 880 2573 in
902 2521 984 2591 parte
997 2510 1161 2577 llomerum
1176 2515 1213 2577 de
1230 2535 1281 2578 re·

114 2617 200 2679 tostis
221 2613 412 2698 opinionibus
432 2609 498 2694 plus
518 2631 607 2693 quam
622 2612 784 2675 llesiodum
804 2613 976 2692 retinuisse,
996 2635 1088 2697 quum
1107 2617 1171 2681 aliis
1190 2618 1281 2682 rebus

113 2738 175 2782 non
190 2719 303 2801 paucb,
319 2728 382 2781 tum
396 2718 483 2780 etiam
497 2715 711 2799 hincapparet,
727 2719 805 2800 quod
821 2720 886 2782 Eris
901 2728 931 2780 et
942 2720 995 2781 Ate
1009 2721 1087 2800 apud
1103 2720 1185 2784 illum
1200 2722 1280 2786 loris

114 2822 188 2886 111144
203 2832 287 2898 sunt,
309 2841 381 2902 quas
397 2819 544 2883 llesiodus
558 2820 659 2884 Noctis
674 2822 793 2884 alteram
811 2823 914 2897 liliam,
932 2821 1053 2886 alteram
1068 2834 1187 2906 neptem
1203 2827 1280 2889 lacit.

116 2925 231 2990 Scilicet
254 2925 401 2988 llesiodus
427 2924 499 2987 nibil
524 2926 591 2986 lore
616 2925 746 3005 genitum
771 2926 846 3000 rult,
879 2925 936 2989 nisi
962 2926 1041 3008 quod
1062 2925 1186 2991 botritati
1215 2929 1280 2994 eius

112 3050 147 3093 ac
160 3029 320 3112 sapientiae
336 3027 514 3090 conveniens
535 3027 649 3105 sit⁰²):
669 3029 747 3110 apud
763 3029 925 3092 llomerum
941 3041 1059 3104 contra,
1079 3031 1155 3095 sicut
1169 3033 1297 3116 lupiter

114 3220 415 3234 ——n—-n—

180 3344 236 3406 444)
250 3342 287 3394 cr.
300 3341 379 3392 aanor.
392 3340 424 3392 44
436 3338 464 3391 44.
475 3336 545 3403 xlv,
559 3337 616 3389 444.
631 3335 711 3400 xvir,
721 3335 779 3389 444.
789 3337 862 3404 xxo,
878 3338 934 3390 444.
947 3338 990 3405 rv,
1004 3341 1058 3393 44.
1077 3342 1181 3396 stolus.
1191 3344 1280 3413 resq.

14 3478 17 3483 .
111 3429 158 3498 tp.
173 3430 278 3480 maon
293 3426 366 3478 toas.

179 3516 221 3578 412)
236 3513 487 3566 Animadvertendum
504 3513 550 3563 boe
563 3511 707 3562 1444441444
720 3512 780 3563 illud
794 3518 848 3576 444,
865 3513 929 3578 qood
948 3511 1059 3564 41414414
1075 3524 1165 3568 444444
1182 3526 1280 3586 pattena

111 3602 245 3653 Saturnum
264 3599 400 3651 certamine
416 3598 476 3648 nibil
493 3597 614 3648 4114444144
632 3598 656 3649 14
674 3597 805 3662 tlreogooio
824 3596 948 3662 44144444,
968 3598 1015 3649 4141
1033 3616 1108 3652 noum
1126 3604 1280 3658 versiculum

111 3689 158 3738 1444
168 3687 253 3738 trabes
263 3685 322 3747 11111,
336 3684 375 3736 ubi
385 3685 510 3735 Saturnus
519 3683 662 3733 4444441444
672 3683 766 3734 liberos
776 3684 912 3733 4144444444
925 3683 1018 3736 dieitur
1031 3689 1156 3752 raquelc
1167 3691 1280 3762 τέχνῃσι

109 3775 195 3844 ptpqt
206 3789 233 3824 44
244 3766 350 3827 4444441414
361 3769 430 3822 doio.
454 3767 492 3820 Ne
505 3768 529 3818 14
543 3767 732 3819 Titauomaebia
745 3769 856 3835 quidem,
874 3776 990 3821 truncata
1008 3787 1069 3823 4444
1081 3780 1109 3825 44
1120 3791 1152 3826 en
1167 3776 1282 3843 pleniore

111 3858 232 3925 quondam
255 3855 365 3906 44444144
385 3871 399 3905 4
419 3855 567 3918 theogoniae
587 3854 755 3922 compositore
776 3863 910 3922 excerpta,
932 3857 983 3908 4114
1005 3858 1110 3911 Saturni
1131 3863 1225 3914 mentio
1246 3866 1283 3917 lit.

111 3943 226 3995 Fuerunt
238 3942 280 4009 qui
292 3942 355 3993 14444
367 3941 526 4003 brevitatem,
539 3957 603 4009 quoe
616 3941 695 3992 officit
707 3942 771 3991 baud
783 3941 857 3992 dubie
871 3943 1024 3994 narrationis
1038 3946 1222 4013 perspicuitati,
1234 3967 1281 4018 pro

111 4031 215 4082 lucooae
232 4029 322 4081 lodleio
340 4028 475 4093 heberent,
493 4027 622 4079 Platonem
635 4029 710 4079 441444
728 4035 755 4079 44
768 4027 905 4079 burianum
917 4030 1047 4095 444444441,
1059 4032 1101 4099 qui
1115 4033 1254 4100 pleniorem
1266 4053 1282 4089 4

111 4133 169 4169 4444
182 4116 341 4181 theogonium
353 4115 444 4166 1444444
456 4130 514 4166 4444
527 4115 701 4165 ostenderent:
715 4114 759 4165 4441
772 4113 860 4164 hornut
873 4115 1043 4169 testimonium
1056 4119 1151 4170 44114444
1164 4137 1223 4173 4444
1236 4124 1282 4174 414-

110 4210 266 4254 monstrasse
275 4200 334 4252 mibi
347 4200 435 4251 4141444
447 4200 584 4251 141144444.
596 4198 627 4250 414
640 4199 697 4250 1414.
710 4199 875 4251 1411414444.
888 4201 923 4252 41.
934 4201 993 4254 1144.
1003 4220 1027 4271 p.
1041 4203 1082 4255 13.
1094 4205 1134 4257 11.
1157 4204 1282 4260 Nimia-ms

22 4307 25 4312 ’
110 4287 227 4339 44444144
241 4293 328 4354 poeta,
341 4285 397 4336 sive
409 4282 489 4336 444414
500 4283 693 4351 compositorem
706 4284 806 4346 dicere,
819 4285 936 4337 omisisse
948 4294 993 4339 444
1006 4289 1282 4345 144144444444444441-

110 4370 179 4436 31444
192 4371 301 4437 videtur,
313 4370 430 4438 quidquid
443 4368 682 4437 inpletatiserltneo
696 4368 748 4421 1441
762 4373 892 4422 44444444.
