2962 4808
223 565 360 627 terierunt
384 571 480 624 taoreo
505 569 642 622 nrarreant
662 559 884 640 qoooaomooo
903 570 932 623 et
951 564 1195 642 perdurent.³⁰⁶)
1231 566 1269 628 Et
1287 564 1385 647 ipsum

221 685 329 731 nomen
344 667 553 745 bloemospnao
569 663 645 725 bane
659 661 717 724 rint
733 662 841 724 babere
856 682 917 725 non
933 663 1079 728 immerito
1094 667 1216 742 dixeris,
1232 676 1265 731 ut
1279 667 1387 732 serrari

220 769 326 851 aliquid
342 779 371 832 et
386 786 504 830 manere
518 765 673 847 signilieet:
688 783 756 826 nam
771 761 926 845 μνᾶσθαι
940 767 1071 844 rerburn,
1086 770 1164 832 untle
1179 769 1247 833 illud
1262 771 1386 834 deseen-

221 873 271 950 tlit,
286 892 352 936 oum
367 863 479 953 μένειν
493 879 649 950 cognanum
665 887 732 930 esse
747 876 872 930 constat.

304 977 382 1040 llaec
395 976 421 1039 si
437 975 474 1038 tle
488 974 611 1055 singulis
627 972 781 1036 Titanibus
795 973 873 1035 bauti
886 971 1117 1055 improbabiliter
1127 975 1274 1059 disputata
1286 977 1386 1041 rideo·

220 1092 281 1155 tur,
301 1081 370 1144 illud
390 1098 509 1163 quoque
528 1089 663 1162 apparet,
683 1097 744 1141 troo
764 1086 873 1140 temere
896 1097 986 1141 omno
1001 1079 1059 1142 hoe
1073 1098 1166 1160 genus
1182 1080 1305 1144 deorum
1321 1093 1386 1145 tan·

219 1204 305 1265 quam
322 1183 447 1265 primam
463 1183 628 1264 primorum
645 1189 810 1264 pareutum,
825 1181 903 1243 Coeli
915 1181 1088 1263 Terraeque,
1103 1183 1237 1247 subolem
1252 1184 1388 1266 proponi,

220 1287 334 1369 diisque
354 1286 459 1351 ceteris
478 1286 578 1349 itidem
598 1294 631 1348 ut
651 1284 782 1348 bumano
798 1303 903 1366 genere
918 1285 1067 1366 antiquius
1083 1286 1150 1349 elici.
1181 1287 1289 1349 Oceani
1304 1287 1388 1368 aquis

219 1409 338 1455 ommni
364 1401 507 1453 terrarum
534 1389 636 1452 orbem
656 1399 768 1452 veteres
788 1388 892 1451 ambiri
911 1397 941 1451 et
964 1388 1041 1470 cingi
1061 1388 1231 1452 credebant:
1260 1407 1388 1453 eonsen-

220 1504 338 1557 taneunr
364 1495 451 1576 igitur
476 1503 552 1567 erat,
581 1495 731 1557 Oceanum
756 1493 854 1556 statim
878 1502 1067 1576 procreatum
1091 1512 1170 1567 esse,
1196 1502 1387 1575 posteaquam

220 1609 309 1674 terra,
330 1598 427 1663 Ponto
448 1607 477 1661 et
491 1597 581 1660 Coelo
601 1617 636 1660 ex
653 1606 745 1660 sereret
759 1597 889 1672 eruissis,
909 1597 986 1660 banc
1001 1595 1111 1659 telluris
1127 1598 1252 1660 loretum
1268 1616 1303 1661 ao
1316 1615 1388 1680 pro·

220 1703 371 1786 prietatem
389 1702 531 1766 induerat.
562 1706 728 1783 Quorrrque,
746 1699 887 1783 qrrithuiel
899 1701 1025 1782 poubar.
1039 1719 1074 1763 ex
1089 1709 1183 1764 terrae
1194 1700 1306 1781 grentio
1317 1719 1388 1783 pro·

221 1817 377 1871 uentorum
399 1815 474 1881 erat,
494 1825 586 1888 aquae
601 1805 787 1888 potissimum
804 1825 862 1886 epte
876 1804 911 1868 ab
927 1825 961 1868 ao
975 1805 1064 1867 sorori
1080 1805 1213 1881 deberet,
1234 1805 1389 1868 convenie-

222 1908 271 1971 bat
290 1909 377 1973 etiarn
392 1909 506 1990 Tetlnn
523 1919 589 1972 ante
604 1910 698 1984 trasei,
717 1929 806 1992 quarn
820 1930 868 1981 ea,
889 1927 963 1990 quae
978 1908 1041 1970 sine
1057 1908 1144 1971 buius
1160 1928 1217 1990 ope
1232 1907 1389 1971 sustentari

223 2032 282 2076 nim
298 2023 431 2094 possent.
462 2014 533 2076 ltent
549 2023 617 2077 ante
636 2033 725 2095 quam
745 2011 884 2076 eoelestia
905 2030 1044 2092 corpora,
1066 2010 1125 2087 sol,
1147 2010 1215 2073 luna
1235 2012 1390 2092 stellaeque

223 2127 425 2189 narrarentur,
447 2135 568 2179 neeesse
587 2130 651 2179 erat
671 2125 832 2197 potestates
857 2114 999 2194 quasdam
1018 2132 1100 2187 osso,
1127 2133 1143 2173 e
1167 2113 1275 2193 quibus
1296 2113 1340 2177 illa
1361 2123 1391 2175 et
1434 2163 1437 2167 .

167 2227 201 2279 25
221 2217 377 2280 existerent
391 2227 422 2279 et
437 2226 550 2279 retortum
567 2238 655 2280 suum
670 2217 844 2298 acciperent,
860 2227 890 2277 ot
904 2218 968 2278 laice
986 2224 1073 2297 atque
1088 2215 1192 2278 ardore
1207 2217 1389 2279 instrueren-

221 2327 281 2380 tur:
298 2338 373 2399 quae
384 2327 546 2399 potestates
558 2319 734 2402 Hyperione,
746 2319 836 2392 Coeo,
852 2318 930 2392 tirio,
946 2317 1029 2392 Tbia,
1045 2317 1165 2379 l‘boebe
1180 2318 1389 2397 signiticantor.

173 2448 176 2454 ¹
220 2420 326 2500 Lenem
347 2440 438 2501 porro
459 2429 546 2501 atque
566 2421 713 2497 arnimar,
738 2440 796 2503 quo
819 2424 980 2482 luturarunr
1002 2438 1102 2481 rerum
1121 2419 1296 2483 universitas
1316 2438 1389 2483 oon-

219 2523 374 2598 tineretur,
393 2525 439 2588 bis
455 2524 528 2606 ipsis
544 2525 673 2607 priorum
689 2545 757 2587 esse
772 2521 941 2605 oportebat:
965 2522 1159 2603 quamobrem
1176 2523 1297 2586 'ibernis
1313 2543 1389 2605 quo-

219 2646 275 2707 que
294 2635 323 2689 et
344 2627 535 2710 llnernospne
555 2628 584 2691 in
605 2628 653 2691 bis
673 2626 729 2691 otis
753 2625 960 2690 vetustissimis
979 2625 1077 2688 locum
1098 2645 1186 2689 suum
1206 2637 1389 2709 sumperunt.

218 2730 292 2792 Tum
309 2730 376 2793 linis
394 2731 543 2795 larienaius
558 2740 621 2795 erat
635 2732 712 2793 Coeli
729 2729 976 2813 generationibus,
992 2728 1245 2811 insequutoroque
1260 2750 1295 2792 ex
1310 2731 1387 2794 natis

219 2832 275 2895 iam
295 2834 448 2917 primipiis
469 2835 639 2916 legibusque
659 2853 756 2898 rerum
776 2834 931 2916 proventui
952 2834 1035 2897 loeus
1055 2834 1171 2897 danius
1187 2853 1242 2916 per
1257 2832 1386 2897 Cronum

217 2937 338 3018 eiusque
357 2956 480 3000 uxorem
496 2939 617 3001 ltbeam.
646 2938 776 3019 Denique
795 2957 862 3000 eum
883 2956 1015 3020 quoquo,
1035 2936 1113 2999 untle
1133 2937 1253 3000 immani
1274 2937 1389 3017 generis
1409 2926 1412 2931 ’

219 3038 301 3117 origo
327 3039 527 3120 repetebatur,
552 3040 699 3121 lapetutn,
723 3039 791 3102 boio
816 3058 942 3104 rrumero
962 3039 1110 3104 aeeonseri
1132 3057 1186 3120 par
1204 3049 1266 3101 erat
1286 3039 1323 3101 ab
1343 3038 1389 3111 iis,

218 3140 324 3219 operibus
339 3141 475 3204 bomines
490 3159 552 3205 uon
566 3162 583 3205 a
595 3141 651 3205 eliis
664 3142 765 3216 creati,
780 3142 833 3204 sed
845 3161 880 3205 es
893 3143 1007 3216 iisdem,
1022 3143 1101 3205 unde
1111 3141 1152 3215 hi,
1167 3141 1321 3224 principiis
1333 3141 1390 3203 orti

218 3241 398 3307 ridebantur.

301 3345 369 3408 Non
393 3346 504 3409 inlitior
526 3346 676 3428 equidem,
702 3346 728 3408 si
753 3347 820 3427 quis
845 3349 920 3411 banc
946 3347 1072 3410 tabulam
1097 3346 1134 3409 ao
1154 3343 1317 3408 subtilioris
1336 3344 1389 3408 ali·

218 3446 301 3509 euius
320 3447 442 3511 rationis
462 3468 597 3512 nornranr
617 3449 782 3512 erarninare
803 3450 884 3524 velit,
904 3449 1079 3531 reprebemli
1099 3468 1191 3530 posse
1210 3465 1272 3510 non
1288 3465 1388 3528 paneae

219 3548 292 3611 Nam
312 3559 448 3631 poterant
468 3571 538 3614 sarie
556 3560 586 3614 et
605 3552 708 3615 abesse
729 3552 862 3615 uornrulli
883 3572 917 3616 ex
933 3552 993 3627 bis,
1013 3551 1062 3634 qui
1078 3549 1241 3614 enumerati
1256 3559 1339 3623 sunt,
1358 3559 1387 3611 et

218 3649 263 3711 alii
282 3651 369 3714 etiarn
388 3653 466 3716 atleli.
500 3653 600 3735 Neque
619 3663 718 3717 tumen
739 3653 866 3717 absurde
885 3673 952 3717 euin
976 3653 1080 3716 iecisse
1101 3652 1243 3727 arbitror,
1263 3650 1389 3732 quibos

219 3749 301 3830 ipsos
321 3752 359 3815 ita
375 3755 557 3834 conposuit:
579 3765 608 3818 et
623 3765 656 3818 ut
671 3757 742 3829 bos,
763 3774 823 3817 non
839 3755 926 3830 alios,
948 3763 1088 3835 poneret,
1108 3763 1265 3835 propterea
1280 3755 1387 3814 laetum

219 3852 320 3927 eredo,
340 3856 418 3934 equod
440 3873 501 3918 non
517 3875 592 3920 nora
608 3867 696 3939 atque
711 3857 841 3920 inaudita
858 3856 995 3920 Titanum
1011 3855 1133 3919 nomina
1150 3854 1214 3936 ipse
1230 3853 1288 3917 sibi
1303 3871 1388 3914 oona·

219 3951 411 4028 miniseemla,
431 3958 485 4019 soal
507 3956 557 4032 iis,
578 3977 652 4040 quae
671 3959 775 4022 tradita
796 3958 921 4033 invenit,
942 3958 1083 4021 utendum
1104 3955 1282 4020 iudicaverit
1313 3953 1389 4016 Sunt

218 4053 297 4116 enim
312 4053 377 4117 sine
396 4056 484 4120 «lubio
504 4059 625 4122 nentina
640 4059 688 4123 illa
704 4060 805 4123 otnnia
819 4080 836 4122 e
851 4058 1043 4139 religionibus
1058 4057 1222 4139 fabulisque
1237 4053 1388 4138 populari·

284 4292 341 4359 ὅθ’)
355 4293 392 4346 Cl.
405 4293 508 4347 Comut
521 4311 543 4346 e.
556 4295 586 4346 li
599 4311 623 4364 p.
632 4297 678 4349 ot:
700 4291 881 4367 Μνημοσύνη
894 4292 910 4364 ἡ
924 4295 974 4350 τοῦ
988 4294 1195 4367 συναναφέρειν
1206 4287 1240 4344 rei
1251 4287 1389 4362 γεγονότα

215 4380 302 4434 nlrtrr.
324 4380 464 4446 Augustius
473 4381 554 4434 'rebel
565 4381 650 4449 throp.
661 4398 687 4435 v.
698 4384 759 4435 tto:
774 4377 788 4450 ἡ
801 4379 940 4454 ἐπίμονος
950 4377 1105 4441 διάπλασις
1116 4381 1182 4435 uir
1193 4372 1293 4441 itinn
