2962 4808
752 351 795 416 28

679 440 881 454 *-

195 552 333 625 buuntur,
349 546 466 630 intelligi
480 545 627 624 nolumus,
642 563 704 610 nen
720 563 780 629 que
796 544 983 626 theogeniam
999 563 1067 607 rere
1082 545 1118 609 ab
1129 543 1259 608 Hesiodo
1276 564 1360 609 com·

195 653 321 736 positam
337 670 406 716 esse
421 650 590 725 credamus,
609 650 664 713 sed
684 669 721 713 ne
742 659 858 731 praeter
875 649 1078 712 necessitatem
1100 650 1189 713 reteri
1211 649 1361 714 traditioni

196 756 404 837 obloquamur,
428 764 459 818 et
482 755 623 837 quoniam
644 772 679 817 ex
700 753 897 836 mythologice
918 771 1024 832 genere
1044 753 1115 815 nibil
1136 753 1257 816 Homeri
1276 753 1361 816 aetati

194 859 319 942 propius
334 857 488 922 babemus.
516 857 636 920 Homeri
651 866 749 920 autem
764 856 885 920 nemine
897 855 1014 919 iliadem
1031 865 1143 919 tantum
1159 865 1189 919 et
1199 856 1362 939 odysseam

195 962 409 1045 significamus,
430 981 504 1044 quae
524 962 583 1026 due
599 962 744 1037 carmina,
766 962 833 1025 licet
851 978 1036 1043 nequaquam
1058 962 1145 1024 unius
1165 960 1294 1025 auctoris
1313 969 1364 1024 aut

194 1067 352 1150 temperis,
372 1067 426 1130 sed
445 1086 480 1128 ex
496 1066 693 1150 complurium
709 1075 862 1151 poetamm
879 1064 1058 1151 carminibus
1073 1066 1198 1129 conllata
1213 1084 1279 1128 esse
1293 1083 1363 1128 cert·

196 1191 330 1247 maritus,
347 1171 377 1236 in
392 1170 563 1235 unirersum
581 1180 679 1235 taruen
695 1170 874 1255 aequabilem
890 1168 1037 1254 sperandam
1054 1168 1198 1232 rationem
1214 1168 1365 1251 mytholo-

196 1276 291 1361 gicam
307 1276 481 1340 ostendunt:
501 1295 681 1359 quamquam
701 1275 851 1340 latendum
868 1283 989 1338 estnon
1004 1273 1100 1338 ubivis
1114 1274 1192 1337 banc
1206 1273 1293 1356 plane
1308 1272 1364 1335 sibi

197 1390 350 1456 constare,
370 1382 423 1445 sed
439 1381 580 1445 fluctuare
594 1398 808 1463 nonnunquam
824 1379 900 1443 inter
912 1379 1006 1442 varias
1022 1377 1161 1442 derebus
1177 1377 1282 1440 iisdem
1298 1374 1365 1459 opi·

198 1485 314 1549 nienes.
344 1485 546 1549 [decentiorem
567 1495 664 1548 autem
688 1484 874 1565 theogeniam
893 1484 978 1547 binde
998 1492 1027 1546 et
1040 1483 1169 1563 Odyssea
1189 1500 1256 1544 esse
1273 1499 1365 1562 quum

199 1606 289 1651 neme
309 1588 435 1663 dubitet,
461 1608 644 1672 nequaquam
666 1598 762 1652 tamen
783 1598 940 1670 propterea
965 1589 1052 1650 ctiam
1072 1585 1199 1660 tabulas,
1225 1584 1366 1666 quasilla

199 1691 337 1775 proprias
351 1692 453 1767 habet,
473 1701 502 1755 et
523 1711 616 1774 genus
637 1691 706 1755 illud
727 1691 906 1773 theologiae,
927 1710 986 1772 quo
1006 1690 1042 1753 ab
1058 1690 1188 1753 Homero
1210 1687 1366 1770 theogonia

201 1795 363 1878 discrepat,
384 1795 537 1859 Homerica
557 1806 651 1859 aetate
671 1796 816 1859 recentius
836 1816 903 1859 esse
922 1795 1062 1859 dicemus.
1097 1793 1171 1857 Nam
1192 1813 1267 1875 quae
1287 1792 1367 1873 apud

201 1898 366 1964 Homerum
382 1900 441 1963 lere
461 1910 520 1963 tota
536 1899 699 1963 oblitterata
714 1907 760 1963 est
775 1899 949 1981 significatio
964 1899 1087 1961 deorum
1103 1896 1257 1978 allegorica
1274 1930 1315 1942 -
1330 1895 1367 1959 li·

202 2001 279 2066 cebit
292 2002 370 2065 enim
385 2001 532 2065 brevitatis
546 2022 633 2066 causa
647 2003 706 2067 hoo
719 2003 841 2066 nemine
856 2002 912 2075 uti,
933 2001 1066 2083 quamvis
1082 2019 1221 2082 perversa
1235 1999 1368 2063 nonnrrl-

204 2105 300 2168 lorum
316 2106 554 2188 interpretatione
567 2106 726 2180 diffirmato,
738 2141 780 2153 -
790 2106 862 2168 haec
877 2105 1002 2167 rlrrbitari
1018 2123 1076 2167 non
1094 2113 1202 2186 potest
1219 2105 1289 2184 quin
1305 2104 1368 2185 pri·

202 2206 316 2281 mitira,
331 2225 392 2269 non
408 2207 524 2289 quidem
540 2206 569 2269 in
586 2206 740 2281 omnibus,
755 2208 807 2270 sed
824 2207 853 2269 in
869 2208 1023 2289 permultis
1040 2217 1136 2270 tannen
1152 2207 1257 2269 rabidis
1273 2207 1368 2279 luerit,

202 2309 323 2391 eiusque
342 2309 420 2390 apud
442 2309 606 2372 Hesiodum
627 2310 721 2372 multo
741 2312 824 2391 plera
850 2329 941 2391 quam
967 2310 1044 2391 apud
1065 2310 1229 2372 Homerum
1249 2310 1369 2390 vestigia

204 2419 316 2472 servata
338 2418 417 2472 sunt.
448 2410 560 2472 Tamen
582 2409 680 2491 ipsum
702 2428 793 2491 genus
814 2431 943 2492 poeseos
964 2412 1187 2492 theogonium,
1208 2412 1291 2475 cuius
1311 2413 1370 2475 boc

202 2531 296 2576 unum
315 2511 482 2594 exemplum
503 2522 653 2594 superest,
674 2514 803 2577 heroicis
824 2515 1018 2589 carminibus,
1039 2517 1133 2597 qualia
1149 2515 1270 2578 Homeri
1290 2524 1369 2590 sunt,

203 2615 348 2678 recentius
360 2613 450 2678 rideri
466 2614 560 2677 debet.
593 2615 667 2678 Esse
679 2616 759 2678 enim
774 2624 803 2678 et
817 2617 971 2697 providere
987 2627 1074 2701 atque
1089 2620 1264 2682 intervenire
1281 2618 1370 2682 rebus

203 2717 341 2782 humanis
358 2717 551 2782 credebantur
571 2719 610 2781 dii
626 2719 705 2782 lraud
721 2717 809 2782 dubie
823 2720 917 2783 multo
933 2730 1013 2796 ante,
1030 2740 1117 2801 quam
1133 2721 1168 2782 de
1185 2733 1252 2783 ertu
1267 2741 1370 2785 eorum

204 2820 524 2905 atquocognationibus
537 2832 738 2904 quaereretur:
752 2842 902 2906 quumque
914 2834 1051 2906 coeptum
1064 2832 1142 2886 esset
1153 2824 1263 2904 quaeri,
1279 2843 1371 2904 genus

205 2933 303 2988 tamen
319 2924 453 2989 oranium
469 2925 553 3007 quasi
570 2926 599 2991 in
616 2936 770 2991 stemmate
785 2927 912 2992 describi
928 2937 957 2991 et
971 2927 1077 3010 quibus
1093 2927 1218 3008 quisque
1233 2927 1372 3007 gradibus

205 3045 222 3090 s
238 3029 390 3092 communi
405 3047 505 3093 restem
522 3029 636 3109 origine
651 3030 850 3105 descenderet,
867 3049 979 3113 quosve
995 3040 1146 3113 parentes,
1162 3039 1320 3111 cognatos,
1337 3029 1373 3091 li·

206 3131 295 3196 beros
310 3132 445 3208 baberet,
460 3132 568 3215 exponi
583 3151 645 3197 non
661 3145 728 3198 ante
742 3135 853 3216 potuit,
870 3154 973 3217 quam,
989 3153 1062 3216 quae
1077 3133 1155 3196 varie
1171 3133 1240 3194 elim
1256 3132 1292 3194 de
1308 3132 1373 3195 sin·

207 3237 297 3320 gulis,
318 3236 374 3299 alia
389 3235 469 3311 olibi,
489 3236 696 3314 cantabantur,
715 3238 855 3301 dietumo
871 3249 1024 3321 poetarum
1041 3237 1138 3301 studio
1154 3255 1207 3320 per
1222 3234 1373 3300 Graeciam

208 3340 351 3422 divulgata
370 3350 399 3404 et
418 3341 454 3404 ad
474 3361 665 3407 communem
686 3342 820 3407 notitiam
840 3344 949 3426 perlata
969 3352 1082 3415 essent,
1102 3361 1161 3424 que
1178 3342 1254 3404 tacto
1270 3340 1373 3403 extite-

209 3456 287 3523 nint,
303 3446 351 3527 qui
364 3446 552 3529 multiplicem
564 3448 735 3512 huiusmodi
748 3448 912 3512 tabularum
924 3447 1093 3510 varietatem
1105 3455 1134 3509 et
1145 3443 1373 3526 discrepantiam

210 3568 398 3632 componere,
413 3551 509 3631 quoad
526 3560 659 3634 possent,
674 3562 704 3616 et
718 3571 811 3615 unum
827 3551 911 3633 quasi
926 3563 1054 3633 systema
1069 3550 1192 3613 deorum
1209 3547 1374 3611 describere

211 3661 396 3717 conarentur.
422 3653 515 3717 Huius
536 3655 641 3730 studii,
662 3656 744 3720 cuius
765 3657 891 3719 fructum
912 3653 1070 3735 antiquitas
1085 3671 1178 3715 unum
1198 3659 1284 3732 atque
1303 3650 1375 3713 alte·

213 3773 278 3818 rum
293 3764 408 3836 praeter
420 3756 498 3821 hanc
509 3758 630 3822 Hesiodi
647 3757 833 3839 theogeniam
850 3757 930 3832 cidit,
946 3758 1034 3821 eham
1049 3756 1079 3817 in
1091 3751 1255 3816 Homericis
1266 3752 1374 3814 carmi-

214 3856 302 3920 nibus
317 3856 421 3920 indicia
437 3859 579 3938 quaedam
594 3871 623 3924 et
637 3860 769 3942 vestigia,
789 3859 815 3922 si
831 3860 930 3924 minus
946 3858 1079 3940 perlecti,
1100 3867 1130 3920 at
1144 3865 1222 3919 certe
1236 3853 1375 3928 inchoati,

215 3959 485 4041 deprehenduntur,
508 3982 570 4027 non
595 3965 685 4027 multa
705 3963 824 4045 quidem
844 3963 905 4039 illa,
929 3963 981 4025 sed
1007 3981 1081 4044 quse
1100 3959 1258 4024 ostendant
1277 3966 1374 4022 umen

216 4063 403 4143 theogeniam
419 4066 604 4130 Homericam
624 4069 785 4133 admodum
806 4068 844 4131 ab
858 4067 1002 4131 Hesiodea
1022 4065 1166 4128 diversam
1183 4062 1282 4126 tuisse
1311 4060 1377 4126 Hoo

216 4165 305 4248 igitur
319 4185 398 4232 nunc
411 4168 613 4234 demonstrare
627 4172 786 4253 aggrediar.

180 4287 198 4340 o
302 4270 345 4332 hc
357 4269 487 4352 primum
503 4273 621 4354 quidem
636 4275 671 4338 de
686 4293 785 4338 rerum
800 4274 935 4338 omnium
950 4273 1062 4355 origiue
1075 4290 1111 4335 eo
1126 4270 1203 4333 inter
1217 4289 1250 4332 so
1264 4268 1376 4333 discre-

219 4383 305 4455 pant,
328 4373 408 4455 quod
432 4392 524 4456 quum
547 4375 695 4440 Homerus
718 4377 895 4441 Oceanum
917 4395 985 4440 esse
1002 4376 1092 4449 dieat,
1121 4365 1226 4456 ὅσπερ
1253 4365 1378 4456 γένεσις
