2962 4808
647 686 761 698 ,....,.-,.
775 688 800 695 ..-
805 687 846 698 -..-

119 802 149 857 rt
168 790 267 866 tuerit,
287 800 412 852 autnon
427 787 542 850 diversa
556 805 573 850 a
588 805 693 868 magna
709 794 816 862 matre,
835 796 886 850 aut
900 795 977 850 certe
991 787 1022 851 in
1037 787 1100 852 eius
1116 790 1328 871 eomitatu³¹).

167 894 279 956 Idaeam
300 891 342 953 rei
362 889 518 972 Phrygiam
542 890 585 953 vei
604 891 747 954 Creticam
771 889 872 953 haberi
897 889 978 965 licet,
1002 892 1143 972 quoniam
1166 894 1216 958 ida
1241 913 1329 959 mons
1392 951 1395 957 .

168 995 321 1075 utrobique
335 1001 390 1056 est
422 994 480 1055 Sed
495 992 623 1056 Creticae
638 992 730 1057 fuisse
745 992 884 1057 dicuntur
898 991 972 1054 dune
986 995 1132 1082 nymphae
1147 996 1256 1074 idaeae,
1270 997 1330 1062 iic·

166 1097 220 1161 lice
238 1105 266 1159 et
286 1097 451 1176 Cynosura,
475 1114 550 1176 qrroe
568 1105 597 1158 et
615 1095 696 1177 ipsae
715 1096 812 1159 dorem
832 1093 1053 1169 nutricarerint,
1079 1096 1197 1179 sintque
1216 1099 1253 1162 ab
1272 1099 1332 1162 hoe

168 1206 271 1280 postca
291 1197 368 1261 inter
381 1206 460 1260 astra
476 1196 646 1272 eoiiomtae,
667 1208 698 1261 et
715 1199 834 1279 quidem
855 1215 991 1261 ursarum
1007 1198 1119 1279 specie,
1139 1199 1206 1281 quia
1221 1199 1332 1283 Iupiter

167 1300 323 1383 aliquando
339 1302 499 1364 Saturnum
515 1299 629 1380 fugiens
644 1320 677 1363 se
691 1301 790 1384 ipsum
805 1301 836 1365 in
851 1301 1027 1375 draconem,
1042 1301 1172 1365 nutrices
1187 1310 1284 1366 autern
1300 1303 1331 1367 in
1373 1372 1376 1378 Ι

167 1423 253 1467 ursas
272 1403 531 1467 transformaverit.
567 1402 708 1467 Creticam
728 1406 805 1469 ironc
824 1403 952 1468 tabulam
971 1403 1075 1467 dicunt
1093 1403 1177 1467 Tireo
1197 1405 1228 1468 in
1247 1424 1332 1469 com·

170 1507 313 1570 montorio
332 1507 412 1571 Arati
433 1527 459 1568 r.
472 1507 523 1569 46.
539 1518 568 1570 et
582 1506 723 1570 Leontius
742 1508 779 1571 de
794 1507 933 1591 aplanem,
953 1506 1032 1588 apud
1048 1506 1201 1584 Bulriium,
1219 1509 1333 1573 tom.ll

169 1631 198 1691 p.
210 1611 287 1685 266,
308 1611 420 1692 fuitque
435 1609 464 1673 in
480 1608 565 1673 Creta
580 1610 664 1674 iocus
679 1611 808 1694 quidam,
824 1612 976 1693 Cynosura
992 1609 1098 1686 dictus,
1114 1630 1209 1693 prope
1223 1611 1332 1674 istrum

170 1713 290 1776 urbem-³
299 1719 339 1791 ⁸),
355 1713 434 1777 unde
448 1712 538 1776 altero
550 1712 664 1776 iliorum
675 1715 872 1797 nympharum
884 1712 1034 1777 nominata
1045 1713 1134 1777 rideri
1146 1722 1259 1796 potcst3
1274 1714 1334 1778 ile·

170 1817 244 1880 iicon
259 1836 378 1900 ‹yuoque
393 1816 490 1879 iocunr
507 1815 537 1878 in
552 1836 586 1879 ea
600 1817 695 1880 insula
711 1817 801 1880 inisse
815 1836 878 1881 non
893 1815 1017 1880 traditur
1031 1816 1164 1898 quidem,
1179 1836 1274 1901 neque
1290 1825 1335 1880 ta·

171 1939 240 1982 rnen
255 1919 422 1983 incredibile
436 1930 492 1982 est
521 1918 657 1982 Ceterum
672 1921 804 1993 inerunt,
824 1920 873 2002 qui
889 1919 966 1984 illam
981 1919 1131 1985 nutricum
1144 1921 1222 1985 lovis
1236 1932 1336 1985 trans·

172 2023 382 2086 formationem
399 2039 461 2111 nup
476 2022 578 2084 Cretae
592 2021 733 2085 accidisse
748 2023 893 2098 dicerent,
912 2020 963 2086 sed
984 2023 1015 2087 in
1030 2023 1222 2106 Propontidis
1242 2023 1337 2089 insula

173 2128 352 2202 Arctoneso,
373 2144 448 2206 quae
462 2125 549 2206 vulgo
564 2124 684 2206 Cyzicus
705 2128 896 2203 vocatur³⁰).
926 2123 1001 2189 Huic
1019 2126 1186 2209 propinqua
1201 2127 1336 2191 Procon-

173 2248 264 2293 nesus
279 2238 333 2301 cst,
350 2229 428 2291 unde
441 2228 566 2310 lapidem
583 2228 618 2290 ad
635 2227 792 2291 saliendum
809 2228 970 2291 Saturnum
985 2228 1094 2292 althea
1109 2229 1256 2293 sublatum
1271 2248 1339 2294 esse

174 2331 347 2412 ngattroetes
367 2330 499 2411 scripsit:
522 2330 708 2411 eundemque
731 2328 908 2411 scriptorem
932 2329 1020 2393 etiam
1044 2333 1338 2397 transformationem

173 2434 252 2497 iliam
268 2434 304 2496 ad
318 2437 513 2495 Arctonesom
530 2432 664 2495 retulisse
677 2431 866 2511 crediderim,
886 2432 953 2515 ipso
969 2433 1082 2497 insulae
1097 2435 1220 2498 nomine
1233 2433 1338 2498 inrita·

174 2546 246 2608 tum,
262 2543 295 2596 ut
307 2535 448 2596 Creticam
461 2535 588 2597 fabulam
604 2534 663 2596 iruc
674 2536 915 2612 transterret00).
941 2535 1153 2615 dglnosthenes
1165 2545 1273 2613 autem
1288 2536 1339 2620 qui

173 2637 279 2700 Naxica
294 2636 427 2718 scripsit,
443 2637 540 2698 iorem
556 2636 596 2699 ob
611 2646 722 2699 metum
738 2637 858 2700 Saturni
872 2658 908 2701 ex
922 2637 1006 2700 Creta
1020 2637 1136 2702 Naxum
1151 2640 1338 2704 amandatum
1360 2708 1363 2714 ,

173 2740 271 2821 ibique
285 2760 302 2802 a
317 2739 468 2820 Cynosura
483 2739 625 2802 nutritum
641 2758 707 2802 esse
722 2740 844 2803 retulit⁰
855 2741 893 2818 ¹).
923 2739 1036 2822 Nempe
1047 2739 1130 2803 Naxii
1144 2759 1263 2823 quoque
1274 2743 1338 2807 eius

174 2842 235 2917 dei,
255 2841 281 2904 si
300 2841 400 2915 minus
419 2840 572 2915 natalium,
593 2851 720 2906 atcerte
740 2841 992 2905 nutrimentorum
1010 2841 1110 2905 locum
1130 2842 1161 2906 in
1176 2862 1230 2907 sua
1244 2842 1340 2908 insrda

122 2954 153 3008 tt
175 2964 241 3007 esse
255 2943 484 3018 contendebant,
504 2944 625 3027 antiquo
644 2945 734 3010 huius
748 2945 870 3009 nornine
884 2944 958 3008 freti.
987 2942 1062 3007 Nam
1077 2944 1137 3007 Dia
1152 2944 1223 3009 olirn
1236 2947 1339 3028 appel·

174 3046 228 3110 iata
244 3047 306 3123 init,
321 3047 403 3128 quasi
418 3046 528 3110 iouianr
544 3047 624 3112 dicas
635 3050 697 3124 Μ).
727 3049 751 3110 Α
766 3046 927 3124 nonnullis,
941 3056 975 3110 ut
987 3045 1120 3130 Hyginus
1135 3047 1247 3128 aim),
1262 3048 1339 3113 ioris

176 3223 294 3232 ...ο-η.
304 3222 422 3231 ...η-ι...-
440 3222 445 3228 .
459 3223 472 3228 .-

244 3317 285 3378 .iit
298 3316 369 3369 Cori.
381 3326 524 3370 accuratam
537 3315 692 3383 iiarquurdti
701 3315 921 3383 dissertationem,
936 3315 1024 3386 Cyzic.
1036 3333 1060 3385 p.
1071 3315 1119 3369 163
1132 3333 1200 3388 emp,
1216 3319 1257 3372 cui
1275 3334 1341 3372 nane

175 3402 273 3471 quidcru
284 3402 343 3454 nitrii
354 3404 410 3455 addi
423 3420 486 3472 opus
498 3410 547 3455 cst.

244 3489 286 3555 58)
305 3489 376 3557 apuu
389 3489 518 3541 Eratostir.
531 3495 580 3540 rat
593 3504 615 3539 e.
629 3487 645 3539 2
657 3488 778 3541 scribitur
794 3486 824 3543 ἐν
839 3489 872 3563 τῇ
885 3484 968 3544 πόλει
980 3490 1013 3563 τῇ
1025 3489 1182 3563 καλουμένῃ
1191 3486 1293 3551 Ἰσῐοῖς
1307 3500 1339 3545 ct

175 3576 241 3642 apud
251 3575 342 3644 tiygiu.
356 3576 382 3628 P.
393 3578 424 3628 A.
437 3574 466 3639 ii,
480 3575 495 3626 2
508 3581 534 3625 et
547 3574 625 3625 schot.
639 3573 723 3626 Germ.
736 3578 809 3628 drot.
819 3592 842 3644 p.
853 3576 887 3628 id
897 3578 967 3629 Bairi.
980 3576 1107 3639 tristes,
1120 3584 1165 3627 unt
1175 3574 1275 3644 lotoe,
1286 3576 1340 3629 ut·

177 3662 271 3726 stica,
285 3661 423 3713 iiostiea.
447 3659 540 3711 Vemru
553 3675 641 3711 nornen
656 3660 840 3715 stercorentur
852 3678 876 3731 p.
887 3662 919 3713 'id
932 3679 946 3714 e
958 3662 1086 3731 Stephano
1097 3661 1160 3730 flyz.
1173 3663 1267 3731 posuit.

245 3748 288 3812 56)
301 3748 385 3799 Schoi.
398 3747 512 3814 Apellen.
525 3745 572 3798 tta.
582 3744 602 3811 l,
614 3746 674 3799 nrt.

246 3832 288 3898 ru)
303 3833 342 3885 iix
354 3833 441 3885 eodem
453 3833 593 3898 Agathocle
604 3848 656 3885 rear
666 3834 795 3887 mirificam
808 3835 896 3887 retulit
907 3836 1052 3888 Adrenueus
1063 3834 1101 3888 tx
1114 3852 1138 3904 p.
1148 3834 1207 3904 ³⁷5,
1217 3833 1303 3889 iovem
1315 3835 1340 3888 in

179 3920 255 3972 Creta
266 3920 340 3972 etirnu
352 3920 450 3972 scrofae
463 3918 582 3972 uberibus
596 3920 716 3972 nutritum
728 3935 800 3987 esse,
815 3921 881 3972 unde
891 3921 984 3973 camd
996 3921 1058 3974 iliud
1070 3921 1102 3974 ab
1114 3922 1229 3974 omnibus
1241 3937 1340 3974 uerum

180 4005 272 4070 treberi,
284 4006 355 4057 cuins
368 4005 484 4058 carnibus
496 4006 566 4058 vesci
579 4006 650 4058 netas
663 4006 705 4058 sit.
730 4008 867 4078 Πραίσιοι
879 4003 924 4070 dd,
936 4006 1017 4076 addit,
1030 4005 1077 4059 arui
1089 4001 1151 4079 ἱερὰ
1163 4005 1292 4080 (ittonam
1303 4001 1340 4074 aii,

179 4089 225 4140 nui
234 4084 301 4156 αὕτη
314 4085 447 4161 προτελὴς
457 4085 577 4157 αὐτοῖςὴ
588 4094 676 4144 θυσία
684 4087 857 4163 νενόμισται.
878 4087 920 4146 Tri
933 4089 1118 4166 παραπλήσια
1130 4087 1340 4163 ΙστορεῖΝεᾶν·

182 4181 235 4240 dur
245 4170 261 4225 ὁ
271 4172 423 4242 Κυζικηνὸς
433 4174 463 4229 tr
475 4175 595 4246 δευτέρῳ
608 4176 672 4247 περ)
685 4178 800 4246 τελετῆς.
822 4179 953 4233 01οι1ιιοο
962 4196 1007 4233 sne
1019 4180 1113 4248 aliquid
1124 4177 1265 4248 ayruun,
1275 4177 1341 4245 qued

181 4260 238 4327 quid
250 4261 292 4326 sit,
304 4261 361 4313 aliis
372 4263 534 4327 indagandum
546 4264 669 4333 relinquo.

249 4347 292 4410 61)
305 4347 433 4399 Eratosth.
450 4356 500 4401 eat
512 4365 534 4400 c.
544 4349 586 4400 ³0.
610 4351 701 4420 iiygirr.
718 4351 746 4404 Ρ.
759 4353 791 4405 Λ.
803 4351 839 4418 11,
855 4352 910 4404 det
924 4351 964 4406 16.
978 4350 1077 4404 senon
1095 4349 1212 4404 Gener.
1224 4348 1298 4404 nne
1316 4365 1341 4419 p.

182 4428 223 4483 tt.
247 4430 363 4484 lactant
374 4430 398 4496 1,
413 4431 456 4500 11,
468 4433 511 4485 Sd.
522 4433 607 4488 locun.
620 4435 684 4505 Lyd.
696 4437 728 4489 de
740 4453 818 4499 mens.
830 4436 873 4504 tv,
884 4437 918 4490 48
930 4454 954 4507 p.
964 4437 1006 4490 ⁸³.

250 4516 292 4580 62)
306 4516 416 4585 Etymei.
428 4517 464 4570 di.
477 4535 500 4587 p.
513 4519 572 4587 266,
584 4521 625 4575 ii.
650 4517 725 4575 tatu
736 4520 767 4576 tr
778 4517 848 4597 αὐτῇ
859 4517 992 4596 ἔτρςέφηό
1003 4515 1082 4582 letit-

249 4601 291 4668 ot)
304 4601 418 4669 Ρ.Α.11,
432 4603 462 4655 id
474 4620 498 4673 p.
509 4605 567 4658 ³78.
1064 4609 1067 4617 '
1169 4621 1172 4626 ·
