2962 4808
143 717 146 724 ·
228 684 307 766 quod
322 704 410 765 quam
425 701 483 745 nos
496 681 741 763 significationem
754 685 893 766 nymphis
906 685 936 746 in
947 683 1117 747 universum
1129 685 1298 760 tribuimus,
1312 683 1390 747 hanc

227 787 273 848 illc
289 785 381 847 blcliis
401 795 538 866 tanqnam
560 784 710 865 sisinnium
730 796 847 872 rrractor
864 797 976 849 ceteras
995 786 1130 850 vindicat.
1160 789 1234 851 b'arn
1250 789 1308 850 hoc
1322 789 1390 869 qui·

227 887 294 947 dont
309 895 443 966 urrcrtunr
459 896 518 947 rest:
535 885 559 946 si
577 885 760 947 [scurrilitatis
774 887 831 948 sirn
845 886 1019 968 theogoniae
1031 890 1216 969 crrrnnositor·
1228 889 1391 970 sigrtilicare

228 989 327 1057 voluit,
344 1007 405 1050 non
422 997 537 1069 poterat
553 1006 628 1049 unus
643 987 744 1049 llo-lias
760 989 922 1063 nominare,
938 988 995 1051 nisi
1011 989 1036 1051 si
1052 989 1081 1051 in
1098 991 1144 1052 bis
1161 991 1217 1053 rirn
1234 991 1309 1054 illanr
1326 1011 1390 1055 nta-

228 1091 320 1152 iorern
343 1111 410 1152 csse
432 1090 576 1171 latiusque
596 1099 695 1171 prttcre
715 1091 863 1163 crederet,
884 1110 972 1171 quarn
994 1090 1023 1152 in
1044 1091 1161 1155 ceteris:
1183 1092 1263 1175 quod
1283 1113 1336 1156 cur
1355 1095 1412 1156 dc*

229 1192 408 1255 fraxinorum
429 1192 567 1273 nyntplris
587 1192 742 1272 qnisquam
763 1191 931 1264 crediderit,
952 1211 1048 1272 nequo
1068 1194 1143 1255 intio
1164 1193 1246 1256 lacilc
1264 1195 1390 1276 perspici

230 1304 340 1374 potest,
355 1313 451 1375 nmine
466 1292 515 1364 iis,
530 1311 605 1372 quae
621 1281 784 1353 Crcuzcrus
797 1291 906 1365 attulit,
922 1291 1142 1371 comprobatur.
1173 1296 1213 1356 dc
1228 1297 1265 1358 de
1280 1296 1390 1358 scholi·

228 1405 292 1456 asta
312 1395 430 1476 quidem
447 1391 568 1455 Hesiodi
588 1403 615 1455 et
631 1393 667 1454 do
683 1391 843 1455 Pausaniae
857 1392 924 1455 loco
940 1392 1081 1456 diximus:
1100 1394 1210 1476 reliqua
1225 1407 1323 1459 auteur
1339 1396 1392 1460 riri

229 1607 334 1659 canitur
348 1597 495 1679 nyrrrnhae
511 1605 660 1658 curtorum
677 1596 863 1675 quorundum
878 1596 1027 1670 locorum,
1046 1617 1154 1680 eaeque
1170 1620 1186 1662 a
1201 1599 1393 1679 cosnrogoni·

229 1700 272 1761 ris
293 1699 349 1761 illis
368 1698 507 1779 distingui
527 1705 710 1779 coeperunt‘·
735 1696 862 1773 (scilicet
881 1697 918 1760 ab
934 1698 1101 1774 llcsiodcis,
1120 1721 1194 1781 «roae
1214 1701 1314 1783 quales
1334 1701 1393 1763 sint

231 1803 366 1864 nondum
381 1801 497 1882 liquet),
509 1818 649 1880 „semper
663 1809 760 1861 tamen
775 1808 852 1862 certa
868 1802 1010 1880 quaedam
1026 1812 1054 1863 ct
1067 1813 1207 1866 constans
1219 1803 1394 1885 significatio

231 1902 353 1984 agnosci
370 1912 477 1983 potest
508 1901 557 1964 Sic
571 1901 687 1964 bleliam
708 1900 839 1964 ridemus
854 1901 1039 1978 Thebanam,
1058 1905 1095 1966 ab
1110 1903 1243 1986 Apolline
1257 1914 1394 1975 amatam,

231 2004 341 2068 Ismeni
357 2014 407 2066 aut
422 2024 560 2067 sororem
581 2004 691 2082 (sebol.
708 2004 792 2067 Pind.
809 2004 892 2086 Pytb.
908 2006 961 2078 xl,
978 2009 1016 2084 b)
1032 2015 1082 2069 ant
1096 2017 1235 2081 matrem,
1251 2008 1334 2071 cuius
1351 2011 1394 2069 la-

232 2108 317 2170 bnlao
337 2109 481 2170 rationum
501 2106 576 2168 lunc
592 2107 789 2188 Spanlxcrnius
809 2107 917 2171 indicat
931 2112 968 2172 ad
984 2111 1093 2173 Gallim.
1111 2110 1138 2171 b.
1156 2110 1184 2172 in
1204 2111 1264 2174 bol.
1282 2131 1307 2174 v.
1325 2110 1395 2174 802⁶

234 2211 346 2291 Nenrpn
367 2210 564 2292 Spanlrenrius
586 2209 697 2273 liclianr
720 2210 810 2272 iorrtis
832 2212 992 2293 nympham
1015 2212 1224 2294 intaminatus
1242 2234 1258 2277 a
1273 2209 1396 2296 μελιῶν

234 2334 287 2377 scu
308 2313 488 2377 fraxinorum
504 2321 648 2394 prouentu
664 2312 785 2386 dictam,
804 2332 838 2375 cx
854 2331 913 2396 quo
929 2315 1010 2375 lorrte
1025 2314 1160 2377 ismenus
1177 2316 1281 2379 durius
1297 2325 1395 2380 ortunx

234 2416 351 2479 lrabeat:
371 2435 446 2498 qum
466 2415 539 2478 ratio
559 2424 673 2477 sancet
687 2414 906 2496 simplicissima
921 2424 966 2477 cst
981 2426 1010 2477 ct
1025 2418 1152 2479 maxime
1166 2419 1342 2499 probabilis¹
1355 2423 1396 2498 ²).

234 2521 308 2584 ilinc
326 2531 423 2583 autent
443 2538 630 2601 consequens
650 2528 707 2592 cst,
728 2519 752 2581 si
773 2522 848 2582 torte
863 2537 923 2580 non
940 2517 1120 2580 fraxinorum
1136 2523 1190 2584 scd
1206 2522 1333 2586 tiliarum
1349 2523 1397 2586 illo

232 2622 298 2684 loco
313 2631 476 2705 proventus
492 2620 604 2691 luisset,
617 2640 673 2704 pro
688 2620 772 2684 blelia
787 2620 944 2701 Philyram,
960 2619 985 2680 si
1000 2621 1131 2693 salicum,
1147 2621 1277 2700 Helicen,
1292 2626 1317 2688 si
1333 2626 1397 2688 lau·

306 2865 350 2927 12)
370 2863 461 2929 blegne
473 2879 528 2915 curu
540 2862 671 2927 diligentie
683 2861 715 2911 de
728 2860 774 2910 bec
783 2857 901 2910 Tbcbsne
916 2857 991 2908 llclis
1003 2857 1108 2924 aliisque
1121 2860 1308 2924 cognominibus
1319 2862 1400 2915 disse·

235 2951 287 3001 ruit
300 2949 328 3001 n.
340 2948 438 3014 Unger,
450 2947 561 3000 Tbcbsn.
578 2946 663 3016 pared.
677 2962 699 3013 p.
714 2944 762 2996 ²27
776 2960 830 3011 sqq.
857 2943 896 2994 Ex
915 2942 953 2992 bis
966 2942 1031 2993 doec
1044 2941 1215 2995 nobilissimae
1227 2954 1299 3010 sunt,
1316 2948 1398 3000 alters

235 3035 338 3100 Argiva,
351 3033 433 3086 luscbi
446 3051 520 3097 uxor,
533 3049 563 3086 ex
578 3050 627 3100 quo
640 3031 797 3082 Phoroneum
809 3037 836 3081 ct
848 3029 993 3094 aegisono
1006 3029 1103 3096 peperit
1116 3030 1245 3097 (ripollod.
1260 3031 1292 3094 ll,
1308 3033 1330 3096 l,
1343 3035 1364 3100 l,
1374 3034 1398 3086 n.

235 3121 315 3172 sebol.
330 3121 362 3171 sd
379 3119 448 3171 llum.
467 3118 494 3171 ll.
512 3119 533 3185 1,
551 3119 593 3170 ²2.
606 3118 637 3168 ed
650 3117 711 3168 Eur.
730 3117 815 3167 0rcst.
831 3115 905 3166 ltnn.
923 3112 1012 3165 Tsete.
1030 3114 1060 3165 nd
1074 3113 1199 3181 Lycopbr.
1221 3115 1298 3178 177),
1316 3118 1399 3170 sltrrs

236 3206 350 3274 llitbsns,
363 3205 450 3274 Amyci
461 3214 542 3258 sister
550 3221 583 3256 ex
594 3203 710 3272 Neptuno
723 3202 847 3270 (Apellen.
857 3201 917 3265 Arg.
927 3198 955 3265 11,
966 3199 990 3250 l.
1001 3199 1087 3250 b'sler.
1097 3198 1181 3251 Flscc.
1192 3198 1234 3262 tv,
1247 3199 1313 3263 119),
1326 3219 1399 3268 quan

236 3292 342 3343 Ouidius
354 3309 401 3343 son
414 3292 540 3343 dircrssrn
553 3291 585 3343 eb
595 3291 689 3356 ila-gire
702 3305 760 3342 esse
772 3288 861 3351 soluit,
874 3284 1069 3353 quandoquidem
1081 3283 1113 3334 sb
1126 3300 1166 3346 co,
1179 3285 1263 3335 Amor.
1275 3283 1314 3349 lll,
1324 3286 1349 3351 6,
1359 3288 1399 3354 25,

236 3376 389 3443 „luscius
406 3377 435 3429 is
449 3376 542 3431 biclic
556 3374 724 3444 nittyoiuo
742 3372 981 3442 pallidusissc‘·
1000 3370 1099 3421 dicitur.
1125 3367 1181 3421 Non
1194 3368 1259 3421 cuim
1272 3372 1399 3438 acmessit

236 3462 293 3514 nribi
307 3463 421 3528 l'ugcrus
434 3481 456 3532 p.
467 3463 515 3516 ent
529 3479 567 3533 an.
581 3463 646 3515 bunc
658 3478 760 3514 rcrsuru
772 3460 902 3524 corruissem
912 3465 1025 3520 crrrrntut,
1038 3455 1083 3506 ted
1095 3470 1204 3519 ugnrrsro
1217 3456 1324 3508 studiunr
1338 3473 1398 3526 prro·

237 3554 278 3600 tec
296 3548 432 3601 doctrinan
445 3549 510 3602 susle
523 3547 683 3602 osnutsntis.
707 3547 788 3601 Sinxili
800 3546 905 3615 quodam
919 3543 1003 3596 studio
1016 3542 1167 3606 lubuluronr,
1185 3558 1249 3609 queo
1261 3542 1326 3594 alise
1338 3544 1398 3597 alibi

237 3642 308 3687 ortae
320 3643 391 3697 sust,
407 3636 439 3687 sd
451 3636 572 3703 quendem
584 3635 705 3688 unitatem
719 3626 1043 3695 rct'ocendi,'ll'cllsuerus
1055 3630 1086 3681 ed
1099 3630 1214 3698 Apellen.
1228 3630 1244 3681 l.
1259 3629 1275 3681 l.
1294 3646 1348 3682 curu
1361 3632 1400 3684 bis

237 3720 333 3772 deabus
350 3721 425 3772 etiem
443 3720 585 3775 Tbebsnsru
604 3721 670 3772 illsxu
688 3721 789 3772 miscuit
804 3734 939 3786 omnesque
957 3725 1010 3769 tres
1029 3731 1074 3784 {xro
1092 3731 1139 3766 uus
1157 3714 1242 3766 baberi
1261 3715 1342 3769 voluit
1360 3725 1402 3770 ter

240 3813 327 3874 suun,
348 3807 462 3874 quonism
479 3807 578 3860 scilicet
593 3807 658 3860 iden
675 3806 788 3858 erunibus
806 3813 879 3875 peter
895 3803 1011 3856 Occasus
1028 3801 1165 3854 diceretur.
1190 3802 1272 3868 Atque
1289 3803 1352 3854 benc
1369 3804 1401 3855 ob

239 3907 338 3943 censen
350 3893 424 3945 etism
437 3911 451 3946 e
469 3895 670 3964 nynpbsruru
684 3893 816 3945 blcliurum
829 3905 933 3943 numero
945 3905 988 3942 ess
1001 3888 1170 3954 scsrermdss
1183 3886 1297 3953 credidit,
1309 3888 1401 3958 quippo

240 3992 304 4043 quse
325 3994 373 4029 son
391 3980 484 4031 Oceani
502 3980 568 4032 dlise
586 3980 631 4031 sed
648 3996 663 4031 e
681 3977 751 4031 Cocli
768 3977 891 4043 unguine
907 3983 979 4028 ortae
996 3991 1054 4027 esse
1069 3974 1101 4025 sb
1118 3972 1226 4025 llcsiodo
1244 3974 1400 4027 dicerentur.

240 4062 318 4127 Qussi
330 4078 391 4115 vero
404 4081 488 4118 rsruss
499 4073 570 4118 esset
582 4066 606 4117 in
619 4064 783 4132 mythologie,
796 4064 883 4114 iisden
898 4061 1013 4130 personis
1025 4061 1099 4111 elium
1110 4059 1142 4110 sb
1154 4058 1211 4110 eliis
1223 4058 1343 4123 originem
1353 4059 1401 4111 tri·

241 4147 296 4210 bui,
312 4155 356 4199 sut
367 4149 466 4216 miron,
478 4150 500 4201 si
513 4166 598 4203 omncs
611 4151 733 4219 syupbse
745 4186 752 4214 ‚
766 4147 858 4200 Meliss
870 4147 1007 4216 pariterue
1020 4147 1142 4215 reliquae,
1155 4144 1249 4197 Oceani
1263 4144 1330 4196 dlise
1342 4160 1401 4199 esse

240 4232 414 4299 crederentur,
427 4235 573 4288 inventores
585 4235 730 4302 lsbslsrnm,
745 4251 820 4304 quun
830 4234 938 4302 aliqum
951 4231 1051 4284 Melissa
1064 4231 1220 4295 inducerent,
1233 4230 1296 4281 benc
1308 4227 1401 4284 nosen

241 4318 317 4370 dlisn
328 4318 437 4385 dixisse,
450 4321 510 4373 nibil
522 4330 686 4390 querentes,
701 4329 804 4374 essetne
815 4321 878 4372 seeo
889 4333 952 4384 nse,
963 4334 995 4370 ss
1008 4317 1169 4383 omo-tosa
1181 4315 1247 4367 eliso
1260 4313 1403 4371 insumere·

241 4401 397 4456 biles-lie
405 4403 490 4471 idelis,
498 4405 613 4460 bollonie
621 4415 702 4460 eastre
710 4422 726 4461 s
735 4423 784 4475 qus
793 4406 914 4459 bolieses
923 4404 949 4457 ls
958 4402 1042 4474 ldysls
1050 4401 1177 4472 spsellnl,
1185 4401 1237 4455 vid.
1246 4399 1402 4472 idemusrdt.

240 4488 328 4560 dysis.
341 4488 410 4558 b³⁹
421 4498 449 4543 et
459 4490 569 4545 ldelsek.
580 4491 697 4546 desiset.
709 4493 786 4546 Alex.
798 4507 823 4561 p.
833 4488 893 4543 2³³.
