2962 4808
554 380 751 481 ..e-¹„

74 568 209 649 giturque
226 568 298 634 boni
313 580 416 652 poetae
431 573 538 637 officio.
565 574 638 638 b’am
653 574 713 638 boc
727 591 819 654 genus
831 569 991 650 imaginum
1008 566 1134 630 maxime
1149 576 1238 632 ornat

74 670 188 750 poesin,
206 672 380 755 animosque
395 675 561 739 auditorum
577 677 656 760 capit
670 696 705 740 ae
719 677 851 745 deiectat,
868 670 1060 754 quamobrem
1076 671 1162 733 etiam
1179 691 1237 752 po·

74 771 232 836 steriorum
252 784 379 838 aetatum
401 788 503 858 poetae
517 800 552 842 eo
568 798 665 843 carere
680 778 847 849 noluerunt,
861 794 899 837 ne
913 775 1008 837 nostri
1023 773 1142 854 quictem
1157 773 1238 835 cbri-

74 874 159 937 stiani
180 876 209 937 in
230 875 266 937 iis
286 878 478 954 carminibus,
498 881 529 944 in
548 881 658 962 quibus
677 881 769 944 lteum
790 879 825 940 0.
843 878 880 939 11.
901 876 1079 957 angelosque
1099 876 1238 938 caelestes
1340 890 1345 898 ·

74 986 191 1056 agentes
206 977 362 1053 inducunt,
382 983 514 1062 quamuis
533 983 589 1045 iios
610 983 804 1063 incorporeos
825 999 891 1041 esse
907 995 1081 1059 persuasum
1099 976 1235 1039 babeant.

75 1077 192 1140 i'etrrcs
207 1088 304 1143 autem
323 1080 362 1144 ilii
378 1090 458 1144 tauto
473 1083 610 1147 libentius
626 1083 803 1163 tiberiusque
818 1083 864 1144 bis
880 1079 1055 1158 imaginibus
1070 1078 1237 1153 utebantur,

74 1182 153 1262 quod
168 1182 241 1244 eleos
261 1202 326 1245 rere
346 1174 659 1273 &abptomopeipqaocg
673 1207 738 1249 esso
758 1183 926 1248 crcaiebant:
946 1201 1041 1262 neque
1061 1191 1158 1244 tanuen
1178 1182 1238 1244 boc

74 1284 118 1348 sic
136 1285 227 1367 accipi
241 1286 340 1359 (lebet,
361 1306 395 1350 ac
410 1289 435 1350 si
450 1307 569 1352 onmem
581 1290 639 1353 rim
654 1299 683 1352 et
698 1298 831 1352 naturam
848 1287 971 1348 «tororum
988 1295 1125 1367 tamquam
1142 1284 1237 1347 ineiu-

75 1408 138 1450 sam
160 1389 295 1471 corporis
316 1389 422 1453 tinibus
443 1392 620 1472 putaverint,
640 1401 673 1456 ut
692 1410 753 1454 non
775 1398 898 1472 possent
912 1389 998 1451 etiam
1014 1388 1126 1468 absque
1140 1407 1236 1451 inorn-

63 1490 197 1554 .brorum
215 1511 273 1555 usu
293 1512 342 1555 res
364 1502 516 1557 terrestres
537 1513 664 1558 morere.
694 1495 794 1558 Fuerit
815 1493 860 1555 iila
875 1501 941 1554 ante
956 1492 1118 1554 iiorueruru
1133 1491 1237 1555 rudio-

36 1662 38 1665 ,
75 1612 141 1656 rum
163 1595 318 1657 bominum
339 1596 456 1677 opini03
476 1597 624 1660 ilomems
644 1599 716 1661 teos
736 1617 808 1660 suos
831 1607 956 1675 utroquo
972 1594 1062 1657 morio
1079 1603 1238 1675 operantes

76 1696 152 1768 iecit,
168 1706 257 1776 prout
272 1705 322 1758 aut
337 1697 479 1759 maiestati
495 1717 599 1761 eorum
615 1707 665 1761 aut
675 1699 797 1780 poeticis
809 1697 871 1760 suis
883 1696 1048 1758 rationibus
1060 1697 1239 1758 cerurenion·

76 1799 134 1860 tius
149 1818 215 1860 esse
231 1798 389 1861 videretur:
405 1819 463 1880 quo
479 1801 508 1863 in
524 1819 631 1881 genere
646 1801 671 1862 si
687 1801 736 1882 qui
751 1800 914 1863 libertatem
929 1809 1033 1880 poetae.
1047 1797 1135 1860 certis
1150 1817 1241 1876 repu-

77 1901 112 1962 lis
132 1901 313 1981 adstringere
333 1911 469 1983 certaque
483 1902 596 1966 ratione
612 1903 733 1966 definire
748 1912 907 1976 conantur,
923 1918 1066 1983 quaenam
1082 1919 1130 1960 res
1145 1920 1162 1960 a
1177 1898 1240 1960 deis

76 2003 163 2065 etiam
178 2003 347 2066 absentibus
363 2005 436 2067 effici
452 2006 612 2087 potuerint,
629 2026 705 2089 quae
719 2024 780 2070 non
796 2003 956 2087 potuerint,
968 2004 1024 2064 bos
1041 2001 1176 2083 equidem
1191 2020 1241 2065 ar·

76 2106 169 2186 portari
189 2115 218 2168 et
237 2106 329 2169 inutili
351 2109 476 2188 quatiam
493 2108 651 2173 subtilitate
667 2107 869 2192 intempestiue
883 2104 963 2169 abuti
979 2125 1096 2169 conseo.
1126 2112 1240 2180 Quaru-

77 2229 164 2290 quam
185 2209 221 2271 tie
236 2209 365 2272 ilomero
386 2229 423 2271 ne
439 2232 515 2293 opus
532 2212 650 2292 quidem
667 2224 712 2276 est
726 2211 877 2284 contemti,
892 2229 982 2292 quum
999 2209 1035 2272 (ie
1049 2209 1157 2271 iterato
1171 2228 1239 2289 aga·

78 2332 154 2387 mus,
167 2312 251 2375 cuius
263 2313 340 2375 nulia
353 2315 430 2394 aputi
444 2313 523 2377 iilum
537 2317 647 2378 tuentio
660 2319 700 2378 bt.
725 2315 913 2396 Tireogoniae
924 2325 1021 2376 autem
1034 2310 1240 2393 compositori,

79 2435 165 2496 quem
182 2416 231 2477 diu
248 2426 317 2497 post
327 2416 488 2479 Homerum
504 2418 661 2500 scripsisse
676 2428 787 2481 certum
803 2428 858 2490 est,
873 2434 928 2478 eur
941 2417 1028 2489 iilam,
1043 2435 1130 2496 quam
1146 2435 1241 2495 erpo·

79 2517 145 2592 sui,
165 2518 201 2580 de
228 2518 349 2579 numine
371 2536 405 2580 ao
423 2527 567 2599 potestate
586 2519 709 2583 deorum
728 2519 902 2582 sententiam
922 2518 1137 2592 abiudiremus,
1163 2515 1241 2578 uuita

79 2621 211 2703 proiecto
234 2639 318 2683 causa
338 2630 391 2682 est.
423 2620 523 2703 Neque
543 2623 683 2696 attentet,
704 2621 827 2704 opinor,
848 2620 891 2683 uis
911 2622 983 2683 baec
1003 2620 1091 2682 (lirini
1111 2619 1243 2682 nunrinis

81 2723 126 2786 sic
141 2733 280 2804 tauquam
297 2723 417 2806 propria
433 2744 560 2806 persona
572 2725 670 2789 indtrta
683 2726 845 2806 ceterisque
857 2725 920 2786 deis
932 2732 964 2786 ut
974 2716 1142 2807 πάρεδρος
1151 2742 1242 2804 quae·

84 2828 151 2890 riam
168 2827 275 2901 addita,
292 2827 435 2908 siquidem
452 2828 515 2909 pari
530 2829 620 2891 morio
635 2829 720 2892 etiam
737 2822 869 2911 Κράτος
887 2839 914 2889 et
939 2818 1020 2889 tito·
1031 2827 1090 2889 iori
1107 2826 1245 2888 satellites

81 2932 237 2994 airiiuuetos
257 2931 402 3003 ridemus,
428 2932 515 2995 bietin
535 2943 632 2996 auteur
652 2943 681 2996 et
701 2933 874 2995 Tireruiriour
895 2931 920 2993 oi
941 2950 1048 2994 uxores
1069 2930 1167 3003 datas,
1193 2938 1244 2993 aut

81 3034 181 3098 liebeu
198 3034 259 3096 deis
275 3034 378 3116 pocuia
395 3033 620 3109 ministrantem,
635 3036 800 3116 multasque
814 3036 883 3098 aiios
900 3053 1044 3116 personas
1060 3034 1183 3095 dotorum
1200 3031 1242 3094 si·

81 3138 141 3201 utili
162 3139 274 3201 ratione.
296 3138 451 3211 contictas,
477 3157 549 3219 quas
569 3158 741 3201 enutrieram
760 3139 880 3218 tongum
901 3141 1017 3211 ost²¹b
1053 3136 1154 3217 Neque
1174 3136 1243 3199 iiiuri

81 3260 142 3303 rron
157 3239 333 3303 corrreuiens
349 3259 414 3300 esse
429 3239 573 3314 dicemus,
589 3240 668 3322 quoti
684 3240 789 3302 iterato
806 3240 862 3301 iarn
879 3240 956 3321 arqrrul
972 3239 1154 3319 antiquiores
1170 3240 1243 3301 rieos

82 3344 194 3423 poliens
210 3351 376 3423 potensque
392 3342 482 3404 sitisse
498 3341 611 3404 dicitur.
642 3342 716 3403 Nam
731 3341 826 3403 diviua
843 3343 886 3404 iiia
903 3342 930 3404 ri
942 3353 970 3402 ot
983 3351 1139 3422 protestate,
1155 3362 1243 3422 quam

81 3445 137 3507 sub
163 3444 226 3506 eius
246 3462 373 3526 persona
394 3443 550 3524 significari
571 3443 741 3516 statuimus,
766 3443 846 3505 nulio
867 3444 1092 3524 temporeneas
1114 3445 1246 3507 caruisse

81 3556 312 3610 consentancum
334 3546 394 3610 tuit.
425 3545 554 3627 Denique
572 3545 658 3609 ctiam
680 3556 817 3627 parentes
832 3545 954 3608 iiocates
974 3546 1011 3608 ari
1031 3547 1108 3609 banc
1122 3547 1185 3612 eius
1203 3548 1245 3610 si-

82 3650 297 3731 gnificationem
313 3649 397 3730 piane
412 3647 625 3712 accommodati
640 3659 720 3711 sunt.
750 3649 868 3712 iiatrem
885 3649 963 3712 eninr
979 3649 1154 3713 Asterium
1170 3670 1246 3732 qua-

82 3753 117 3816 lis
132 3753 180 3826 sit,
196 3771 306 3815 nomeu
321 3752 418 3834 ipsum
434 3751 575 3828 declarat,
596 3752 632 3815 ab
649 3741 792 3836 ὄστρασι
810 3755 932 3815 iactum:
951 3751 1040 3815 iatine
1059 3752 1248 3816 Stellinam

82 3865 133 3920 aut
154 3856 335 3919 sideream
355 3855 479 3930 dixeris,
498 3863 689 3936 naturamque
710 3855 911 3936 interpreteris
926 3855 1078 3919 caelestem
1095 3854 1125 3918 in
1141 3857 1248 3920 sitieri-

81 3959 138 4022 bus
152 3958 271 4021 insitam
286 3967 337 4021 aut
350 3958 447 4039 aiiq'uo
463 3966 540 4020 certe
555 3958 697 4036 modoad
709 3957 803 4020 sidem
817 3958 1021 4038 pertinentem.
1046 3958 1123 4022 ilaec
1134 3968 1248 4043 patrem

55 4221 56 4224 ¹
91 4219 98 4232 ·
153 4202 200 4269 21)
219 4203 257 4254 Ari
270 4203 352 4280 instar
363 4200 500 4253 buiuamorii
514 4200 711 4268 prosopopoeiae
723 4198 846 4252 Pindarus
858 4199 933 4287 epu,
945 4198 991 4267 111,
1004 4201 1036 4254 21
1052 4203 1128 4255 etin
1141 4211 1249 4256 mentera

83 4289 209 4358 Apolliair
226 4289 334 4341 omniurn
352 4302 436 4339 moun
452 4300 554 4352 maran
570 4286 685 4338 sociam
702 4286 757 4338 aias
769 4286 835 4338 dixit
847 4286 1048 4354 integerrima
1066 4283 1130 4344 riter
1140 4291 1252 4350 Λοξίας

79 4374 220 4430 retroire
231 4366 304 4450 παρ’
318 4365 463 4441 εὐθυτάτῳ
474 4396 510 4410 -
521 4364 616 4424 πάντα
627 4372 720 4424 team
731 4364 797 4440 rip.
