2962 4808
580 309 584 317 ·
614 318 815 416 ..a-⁶³..-

70 489 72 493 ’
136 503 265 567 nutrices
273 504 350 585 Aega
361 513 391 568 et
398 504 495 570 llelice
507 510 674 575 nominatae
682 520 761 586 crant,
774 507 857 573 Oleui
869 506 957 570 filiae:
973 504 1113 569 nimirum
1125 504 1161 569 ab
1169 506 1303 581 deliacis,

136 607 163 670 si
182 625 218 670 ex
236 607 407 672 nominibus
428 611 626 677 coniecturam
647 615 795 698 capimus,
814 632 889 696 quau
909 611 1027 674 urlrium
1045 609 1077 672 in
1092 608 1199 672 alelraia
1221 621 1301 673 sunt

138 710 209 773 ltem
219 728 294 792 quac
302 710 338 775 alr
346 713 508 778 dreadilrus
516 726 545 779 et
553 717 705 782 llosseniis
713 717 841 781 nutrices
849 716 927 779 loris
935 712 1173 797 perhibebantur,
1180 710 1302 788 Thisoa,

139 813 251 892 dagno,
267 813 360 889 Neda,
376 815 500 894 Ithome,
515 818 619 883 harum
631 839 719 883 unam
732 820 768 883 ab
781 818 902 901 oppido,
916 816 1063 880 alterama
1079 816 1169 890 lente,
1186 816 1303 878 tertiam

137 915 302 992 atlumine,
327 928 460 999 quartam
480 940 497 982 a
517 930 618 986 moute
638 941 750 987 nomen
769 921 879 986 habero
899 937 988 1000 supra
1008 916 1146 979 uidimus.
1181 915 1225 979 alb
1245 917 1302 980 loci

139 1018 258 1082 nomine
267 1019 355 1083 etiam
367 1021 567 1087 Geraestiades
575 1026 721 1108 nymphas
732 1025 891 1108 appellatas
904 1021 1061 1096 crederem,
1072 1019 1303 1083 —naanerae-

138 1131 217 1186 stum
234 1123 369 1188 Euboeae
384 1128 624 1207 promontorium
643 1137 672 1192 et
693 1128 836 1212 oppidum
856 1124 1009 1200 norimus,
1029 1159 1070 1171 -
1093 1122 1149 1187 nisi
1170 1123 1304 1186 obstaret

139 1226 301 1309 Etpmologi
317 1229 490 1306 auctoritas,
510 1230 663 1312 quimus,
679 1233 760 1314 quod
776 1230 881 1305 sciam,
900 1230 1004 1293 irarum
1024 1227 1206 1290 montionem
1226 1227 1304 1301 lacit,

137 1351 167 1413 p.
180 1331 251 1408 227,
267 1332 317 1395 39.
344 1332 372 1396 ls
389 1334 467 1397 enim
482 1352 532 1397 eas
544 1353 600 1416 pro
615 1333 778 1398 nutricibus
793 1333 872 1396 loris
887 1333 966 1415 apud
978 1331 1137 1413 Gortynios
1148 1330 1303 1393 Cretenses

138 1433 251 1497 habitas
266 1455 333 1497 esse
348 1435 401 1510 ait,
420 1454 596 1518 causamque
616 1435 747 1499 nominis
768 1435 849 1498 addit
871 1428 925 1498 ὅτι
947 1429 1006 1497 τὸν
1028 1425 1099 1497 Δία
1119 1426 1302 1519 τρέφουσαι

139 1528 319 1622 ἐγέραιρον.
334 1572 378 1585 -
392 1539 523 1620 [leuique
542 1556 604 1601 uon
619 1539 894 1621 praetermittendae
909 1546 979 1599 stunt
993 1536 1068 1599 duae
1083 1536 1160 1598 louis
1175 1537 1306 1600 nutrices

139 1659 155 1703 a
171 1639 313 1704 llomanis
335 1640 527 1724 scriptoribus
544 1650 738 1716 memoratae,
757 1640 874 1704 Graecis
890 1639 1016 1720 ignotae,
1032 1640 1163 1701 Fortuna
1178 1649 1208 1702 et
1221 1639 1306 1702 duna

139 1743 280 1806 Perenna.
311 1741 354 1805 Ae
369 1742 405 1804 de
418 1743 550 1805 Fortuna
564 1743 683 1826 quidem
700 1752 824 1807 testatur
840 1743 955 1814 Cicero,
973 1742 1009 1804 de
1024 1741 1113 1804 diriu.
1132 1742 1171 1816 lt,
1186 1744 1242 1817 ll,
1256 1741 1307 1817 85,

139 1846 296 1908 Praeneste
317 1863 383 1907 esse
397 1845 475 1908 lovis
495 1848 581 1928 pueri
601 1847 704 1910 aedem
725 1828 793 1910 eum
813 1845 940 1926 imagine
954 1843 1002 1907 dei
1016 1844 1164 1917 lactentis,
1182 1845 1233 1926 qui
1247 1861 1306 1907 una

140 1966 208 2011 cum
220 1947 333 2011 lunone
348 1949 378 2011 in
390 1949 538 2013 Fortunae
553 1950 665 2031 gremio
681 1949 789 2013 sedens
805 1968 963 2013 mammam
978 1957 1105 2031 appetat,
1119 1966 1245 2029 eumque
1258 1966 1308 2010 re·

140 2050 243 2131 lipiose
262 2071 278 2114 a
298 2052 443 2114 matrilrus
467 2052 532 2116 coli.
568 2052 610 2114 lle
629 2054 713 2116 Anna
733 2053 868 2116 Perenna
887 2060 985 2115 autem
1005 2050 1141 2124 Ouidius,
1165 2051 1244 2114 l’asc
1259 2049 1309 2125 tu,

142 2154 204 2216 657
220 2172 296 2235 sqq„
311 2172 368 2216 uos
384 2153 483 2217 docet:

243 2257 320 2318 Sunt
335 2255 441 2337 quibus
456 2256 529 2318 haec
543 2256 625 2320 Luna
640 2265 695 2331 est,
711 2257 778 2339 ‹pria
793 2256 947 2320 mensibus
962 2254 1082 2337 impleat
1095 2273 1218 2330 annum,

243 2359 315 2421 Pars
331 2356 467 2432 Themin,
482 2358 631 2422 Inachiam
648 2378 717 2439 pars
732 2370 816 2442 pratae
830 2358 1031 2434 essebonum

243 2458 377 2521 lnrenios
392 2458 442 2538 qui
457 2469 485 2522 te
498 2460 650 2542 nymphen
664 2461 809 2524 tuanuta
824 2460 931 2535 dicant,

244 2560 343 2641 Teque
358 2561 419 2623 lori
435 2561 559 2642 primos,
575 2563 669 2637 tluna,
684 2563 800 2624 dedisse
816 2562 907 2624 cibos.

144 2661 221 2726 unde
236 2671 358 2745 apparet
372 2662 429 2745 ipsi
444 2673 548 2745 poetae
563 2683 625 2727 non
640 2665 711 2728 satis
727 2674 913 2746 cunipertum
928 2682 1006 2738 esse,
1021 2680 1152 2745 quaenam
1167 2661 1241 2724 lraec
1256 2662 1310 2724 dea

144 2767 208 2829 loco
220 2765 355 2829 habenda
370 2776 401 2831 et
411 2767 495 2850 quale
506 2768 569 2832 eius
580 2786 690 2832 numen
702 2786 737 2830 ac
747 2785 856 2829 munus
872 2767 981 2844 sit⁰³).
1007 2765 1072 2829 lloc
1084 2775 1182 2830 tarrrm
1193 2763 1310 2827 aliunde

144 2870 333 2934 manilestum
348 2880 405 2947 est,
425 2871 518 2934 risam
539 2890 603 2934 earn
624 2870 770 2933 bonorum
790 2887 889 2932 rerum
910 2869 1027 2950 copiam
1043 2869 1149 2932 lralrere
1163 2868 1311 2950 uitamque

144 2974 300 3037 homiuum
316 2974 390 3037 tueri
405 2994 439 3037 ac
453 2991 629 3056 prosperare
644 2991 749 3054 posse:
770 2972 963 3054 quamohrem
980 2971 1154 3035 inuocabant
1167 2991 1232 3034 eam
1247 2971 1310 3035 llo-

146 3075 224 3139 mani
240 3075 270 3137 in
286 3076 348 3139 eius
364 3078 450 3150 leste,
467 3075 546 3157 quod
562 3084 624 3138 erat
637 3076 737 3138 ldibos
751 3074 876 3150 Martiis,
891 3084 928 3137 ut
942 3091 1077 3137 anuare
1091 3091 1312 3155 perennare·

145 3198 211 3261 que
232 3179 416 3244 eoromode
434 3177 639 3257 lironem),
659 3179 689 3241 lr.
703 3199 728 3240 e.
748 3186 823 3241 utet
842 3179 999 3241 instantem
1015 3194 1126 3241 annum
1146 3184 1177 3239 et
1195 3178 1312 3239 loturos

146 3285 222 3347 bene
241 3302 276 3346 ac
295 3281 414 3345 feliciter
432 3292 560 3363 agerent.
590 3283 657 3346 Fuit
671 3282 760 3362 igitur
774 3282 857 3343 Areua
872 3282 1006 3344 Perenna
1021 3299 1083 3345 nou
1103 3280 1228 3344 multum
1249 3282 1312 3342 lor·

146 3399 225 3451 tasse
239 3384 391 3450 dissimilis
407 3386 588 3449 Graecorum
603 3387 785 3456 Amaltheae,
805 3404 893 3466 quam
913 3385 1039 3448 almam
1054 3397 1204 3447 matrem
1220 3380 1313 3444 iuter·

146 3490 251 3575 pretati
262 3507 377 3564 sumus,
392 3490 546 3571 potuitque
557 3488 683 3572 proinde
694 3497 724 3551 et
735 3488 800 3570 ipsa
812 3506 873 3550 uon
886 3487 1006 3571 indigna
1017 3488 1086 3551 love
1098 3485 1198 3552 nutrix
1211 3483 1314 3550 rideri.

232 3609 327 3674 Scrih.
343 3608 590 3693 Gryphisualdiae
605 3629 645 3673 m.
661 3607 765 3674 Octob.
780 3606 961 3672 lucccttt

148 3767 447 3785 *fin-nun·-

216 3855 258 3920 65)
271 3854 350 3907 Docte
361 3859 390 3905 et
400 3849 536 3917 laboriose,
548 3856 576 3901 ut
585 3849 678 3902 solitos
690 3854 756 3911 erat,
768 3846 921 3900 lilooseaius
933 3850 965 3901 da
976 3850 1048 3901 Aona
1057 3847 1172 3900 Perenna
1185 3845 1317 3914 disseruit,

147 3944 210 3998 Aea.
223 3958 248 3994 o.
261 3942 285 3993 d.
301 3938 389 3991 Pcaat.
406 3953 431 4007 p.
440 3935 489 3988 tlt
503 3952 573 4005 sqq„
590 3935 635 3986 sed
648 3935 673 3987 iu
686 3949 780 3986 sumnia
793 3941 876 3986 uraca
889 3949 917 3986 ra
930 3934 1003 3987 nobis
1015 3950 1065 3987 nos
1082 3931 1163 3998 nasis
1180 3931 1319 4000 μηωίῑ,

148 4045 221 4101 quarn
233 4027 364 4092 llerlclio,
377 4023 494 4089 Prolcgg.
503 4023 535 4074 ad
547 4021 620 4074 Ouid.
633 4019 705 4073 ruo
718 4036 742 4089 p.
755 4018 857 4075 ccxlv
869 4037 924 4091 sqq.

218 4115 260 4184 66)
273 4112 386 4181 lismoi.
400 4111 504 4164 Setun.
513 4107 535 4175 l,
549 4107 580 4161 12
593 4124 617 4177 p.
627 4106 678 4160 264
689 4106 770 4160 Zeno.
