2962 4808
621 495 681 559 251
722 470 726 476 ’

72 677 197 759 rttlgaris
218 679 410 763 mythologie,
430 683 547 765 qualem
566 705 583 750 e
603 685 811 771 superstitibus
830 685 919 749 bodie
938 685 1037 768 poetis
1051 694 1079 749 et
1096 685 1236 751 tabularis

72 782 211 846 bistoriao
226 785 421 866 scriptoribus
436 789 659 870 cognoscimus,
675 810 731 854 nec
746 789 877 854 detlreris
893 789 990 852 lorenr
1007 809 1061 853 nec
1075 791 1164 859 uoti.
1180 791 1234 854 sed
1255 800 1273 851 t

73 887 170 950 solunt
186 888 304 951 Saturni
324 898 352 952 et
366 890 463 953 librae
482 893 574 957 lilium
594 895 696 970 ltobet3
715 903 760 957 cst
780 903 876 956 tamen
897 893 983 955 etiarn
1003 894 1040 956 do
1054 893 1113 956 boc
1128 915 1235 976 magna

73 990 233 1054 itliulanuu
249 993 406 1068 dissensio,
420 1015 455 1057 ex
470 997 576 1077 quibas
591 1018 665 1079 quae
681 999 716 1060 ad
733 998 837 1060 natalia
852 996 916 1059 eius
931 1005 961 1058 et
975 997 1150 1061 incunabula
1166 1017 1235 1080 per-

75 1092 181 1166 tinent,
208 1097 304 1176 paullo
325 1099 486 1162 aectrratius
506 1101 649 1164 hocloco
671 1100 807 1183 persequi
828 1101 1019 1163 decrevimus.
1039 1136 1081 1147 -
1101 1102 1235 1165 l'rinrurn

74 1196 162 1273 igitur
173 1197 329 1272 llesiodus,
344 1201 426 1264 euius
442 1204 643 1268 auctoritatem
660 1205 778 1287 plurimi
795 1204 911 1284 setptuti
926 1214 1006 1276 suut,
1019 1204 1091 1266 baec
1102 1207 1162 1266 lere
1175 1213 1237 1266 tra·

74 1299 164 1376 airu:
186 1300 330 1366 (lenuisse
345 1304 505 1368 Saturnum
520 1327 555 1369 rx
570 1327 675 1371 sorore
690 1328 743 1370 sna
756 1307 834 1369 lllrea
850 1315 910 1368 tres
926 1305 1014 1378 lilios,
1029 1306 1164 1380 l'estaur,
1180 1308 1237 1368 (ξυ-

74 1421 183 1477 turem,
198 1404 353 1482 lunonotu,
370 1408 549 1490 totidemque
565 1409 654 1482 lilios,
670 1411 841 1481 Plutonem,
856 1409 1039 1490 Neptuuttnr,
1054 1408 1170 1483 lorent3
1185 1409 1237 1471 srd

75 1525 166 1586 queunt
186 1509 348 1589 accepisset
366 1530 382 1573 a
398 1511 583 1592 parentibus,
601 1512 686 1575 (belo
701 1522 731 1572 et
746 1513 851 1583 Terra,
873 1513 937 1574 lore
952 1522 984 1573 ut
999 1512 1035 1572 ab
1051 1530 1112 1573 uno
1127 1511 1239 1574 libero·

75 1628 142 1671 runt
157 1630 280 1673 suorum
296 1630 387 1692 regno
402 1613 590 1692 spoliaretur,
605 1615 718 1695 ipsura,
732 1633 791 1696 quo
807 1616 897 1677 latura
913 1614 1057 1685 eluderet,
1072 1633 1192 1687 trrrrnes,
1206 1623 1241 1676 ut

76 1712 201 1793 quisque
220 1713 249 1775 in
269 1714 364 1776 luceru
384 1715 480 1777 celitus
500 1726 592 1789 esset,
611 1717 710 1780 statim
726 1716 894 1780 aesomsse.
929 1716 960 1778 ld
980 1716 1094 1778 libeant
1113 1716 1241 1796 grauiter

77 1816 225 1889 terentem,
239 1835 330 1896 «parurn
342 1816 440 1880 lorenr
455 1817 486 1880 in
501 1829 585 1881 utero
601 1829 737 1900 gestaret,
753 1819 872 1901 petiisse
887 1817 1100 1900 aparentibus,
1118 1827 1151 1880 ut
1164 1818 1241 1880 siant

77 1917 133 1979 sibi
154 1928 354 1983 monstrarent
374 1922 488 1984 lalleudi
509 1921 621 1997 rrrariti,
641 1932 814 2003 partusque,
835 1940 923 2002 qttern
938 1922 1050 1985 editura
1065 1930 1160 1992 esset,
1176 1939 1242 1983 ser·

78 2020 172 2082 randi.
204 2021 318 2083 llortun
338 2022 429 2103 igitur
448 2024 589 2097 consilio,
609 2044 701 2106 qtttttn
723 2033 824 2107 partus
845 2023 983 2096 instaret,
1003 2024 1112 2087 abiisse
1130 2043 1195 2086 earn
1212 2023 1243 2085 in

79 2125 180 2187 (betae
195 2125 338 2207 oppidula
350 2127 517 2209 syceono),
532 2129 629 2211 ibique
645 2130 720 2192 clatn
732 2129 829 2190 lorern
844 2128 959 2191 etrixaru
971 2148 1046 2191 esse.
1071 2128 1156 2191 llunc
1167 2127 1244 2190 Ter·

80 2248 142 2291 rant
163 2231 326 2293 «occultasse
346 2231 377 2318 in
393 2251 484 2313 specu
499 2233 611 2297 ruentis
628 2233 745 2314 Argaei,
766 2231 895 2296 Saturno
911 2241 1007 2295 auteur
1023 2252 1078 2315 pro
1095 2232 1154 2295 lilio
1169 2232 1244 2314 lapi·

82 2333 147 2395 dotu
164 2332 318 2398 tradidisse
334 2336 430 2399 fasciis
446 2336 621 2411 irrrolutttur,
637 2356 724 2419 queret
741 2355 831 2418 ‹ptutu
848 2336 893 2399 ille
907 2336 1048 2418 «leupus
1064 2337 1245 2409 devorasset,

81 2438 136 2500 ltao
156 2447 217 2501 arte
233 2439 330 2501 loretu
351 2450 497 2506 servatura
513 2463 588 2506 esse.
619 2443 694 2505 littra
710 2461 778 2505 ntor
795 2441 927 2504 adultunr
943 2440 1111 2523 viribusque
1126 2451 1157 2504 et
1170 2459 1245 2503 ron·

82 2542 147 2605 silio
171 2544 400 2626 praepollentem
427 2547 560 2628 coegisse
579 2548 754 2620 Saturnum,
781 2557 813 2610 ut
835 2565 911 2627 quos
932 2546 1119 2608 derorarerat
1138 2563 1246 2608 ottrnes

83 2666 187 2709 rursus
207 2659 364 2712 evomeret.
396 2649 446 2713 Sic
467 2651 555 2732 igitur
575 2651 713 2733 lapident,
734 2670 822 2732 quern
839 2651 884 2714 ille
899 2661 1085 2731 postreruutu
1101 2650 1249 2724 liauserat,

83 2750 211 2834 pritnttur
227 2753 351 2818 eiectutu
366 2773 445 2818 esse:
461 2774 587 2837 eurtrque
602 2775 618 2818 a
634 2755 701 2819 love
716 2755 845 2837 Delphos
862 2755 1034 2817 translatum
1051 2753 1148 2835 ibitpte
1162 2755 1248 2834 posi·

83 2865 145 2919 tutu
165 2876 231 2920 esso
249 2877 305 2940 pro
321 2869 514 2922 strottutnento
529 2858 565 2922 ad
581 2859 760 2941 posteritatis
776 2859 960 2922 memoriam.
975 2893 1018 2905 -
1034 2858 1112 2922 llaec
1126 2868 1172 2920 est
1186 2857 1246 2920 lle·

83 3143 141 3178 esse
154 3128 256 3191 statuit,
274 3144 353 3194 tneque
366 3129 494 3179 lururonuot
508 3124 611 3176 iorntnrn
623 3141 653 3176 oe
666 3124 774 3176 ttternbru
787 3124 819 3174 iis
832 3123 937 3187 tribuit,
953 3140 1002 3191 quo
1015 3123 1124 3191 pertinet
1136 3122 1249 3175 fortasse

84 3214 145 3264 illud
162 3216 226 3281 apud
238 3214 435 3266 Tertullianum:
453 3213 520 3263 sine
533 3212 705 3279 capitibus:
723 3226 869 3277 quamquain
886 3210 917 3261 de
939 3209 984 3260 bere
997 3226 1045 3260 uon
1059 3209 1150 3277 liquet,
1169 3208 1248 3276 siqui·

83 3300 137 3348 eleru
156 3316 203 3348 rrtrn
218 3308 312 3351 tenuere
325 3299 479 3364 lleinelius,
493 3297 590 3349 lindie.
603 3297 688 3348 Strnb.
701 3312 724 3363 p.
737 3296 802 3359 aas,
815 3295 873 3346 illos
885 3292 1008 3362 iupiter-es
1021 3295 1045 3345 in
1059 3294 1137 3346 satira
1151 3295 1250 3364 blenip·

84 3399 129 3452 pert
141 3401 156 3435 ι
170 3383 284 3435 Varrone
298 3386 453 3437 introductos
466 3399 524 3434 esse
539 3384 691 3450 sosprieutur.

153 3471 177 3533 3)
198 3469 294 3536 Theop.
307 3488 331 3522 r.
343 3471 497 3521 ssa-aua.

152 3558 176 3619 i)
197 3557 222 3609 lu
236 3560 293 3623 lter,
307 3574 370 3626 queo
383 3566 466 3620 estet,
480 3555 628 3622 derisoriae
642 3555 789 3608 recensione
802 3554 898 3623 bretos
916 3553 954 3604 bis
972 3554 1127 3618 nominetur,
1146 3554 1251 3621 primurn

85 3660 109 3694 r.
121 3643 180 3708 dil,
193 3645 233 3695 ubi
246 3643 314 3695 lllreu
326 3660 340 3694 a
354 3642 499 3709 perentibus
512 3658 542 3691 eo
555 3642 669 3706 ablegata
683 3656 740 3690 osso
750 3640 849 3706 dieitur,
862 3641 1001 3708 iterumque.
1011 3656 1035 3691 r.
1046 3639 1104 3701 lbi,
1118 3639 1159 3690 ubi
1169 3639 1251 3691 Tem

83 3737 212 3797 rtereptorn
229 3731 260 3780 ab
278 3728 320 3778 illu
334 3727 464 3794 puerulum
478 3726 561 3777 desert
574 3720 687 3794 πρώτην
700 3722 727 3781 t.-
739 3718 863 3778 Λύκιον.
887 3727 1000 3794 Apparet
1012 3726 1073 3776 bare
1085 3725 1153 3776 inter
1165 3741 1194 3776 se
1207 3743 1254 3793 pu·

85 3833 175 3881 gerat-r:
189 3832 242 3866 naut
256 3821 360 3883 propter
370 3828 393 3864 r.
404 3811 452 3862 lii
467 3829 515 3862 non
525 3827 656 3879 ponuruus
666 3810 723 3879 quin
735 3809 807 3878 laeti
821 3827 924 3880 puerum
938 3820 1022 3863 restuto
1034 3826 1092 3862 esre
1105 3811 1255 3862 eraclonus:

86 3920 133 3953 tttttt
148 3902 230 3970 potuit
242 3903 318 3968 igitur
338 3901 359 3952 is
377 3907 466 3968 posteo
479 3900 575 3950 dentum
588 3915 604 3950 ι
615 3897 696 3950 Terra
709 3915 739 3949 en
752 3898 856 3951 deferri.
881 3898 1016 3961 Mensulas,
1030 3898 1100 3948 Cret.
1114 3896 1156 3949 lib.
1171 3895 1191 3948 ΙΙ
1203 3899 1254 3948 cd

86 4008 109 4059 p.
122 3991 164 4054 ll,
178 3991 261 4057 priore
276 3988 332 4039 loeo
350 3985 507 4038 scribendum
520 3984 619 4036 censuit
637 3984 758 4054 reddetur
775 3979 803 4036 δ’
818 3983 846 4042 te
858 3987 978 4049 Maeror,
993 3999 1074 4051 neque
1091 3983 1256 4051 displicuisse

86 4077 132 4128 boc
145 4076 246 4127 ridetur
257 4090 351 4125 surrtruo
365 4071 566 4138 lloursterbusio,
578 4070 643 4138 apud
657 4069 784 4122 Guisiord.
799 4078 857 4123 totu.
872 4068 903 4122 ΙΙΙ
921 4086 944 4137 p.
958 4070 1017 4121 tta.
1042 4069 1093 4121 Sed
1107 4069 1189 4138 possit
1206 4071 1257 4122 att·

74 4152 142 4233 ¹quis
159 4163 267 4215 alterurn
280 4163 365 4230 potius
378 4174 477 4211 rersuur
496 4157 669 4223 corrigendum
687 4157 784 4210 dicere:
802 4152 916 4229 πρώτην
928 4155 956 4215 ἐς
969 4160 1082 4223 Attene.
1107 4155 1171 4209 Nun
1187 4159 1257 4210 alte·

87 4252 141 4303 rius
153 4250 263 4316 locutae,
281 4252 399 4311 Amor,
416 4262 465 4297 nou
482 4244 545 4297 setis
562 4251 633 4295 certo
650 4244 790 4295 auctoritas
807 4252 857 4297 est.
885 4244 992 4310 Legitur
1004 4245 1100 4311 Δίκτῳ
1112 4239 1144 4296 ir
1155 4237 1256 4298 eddon

86 4340 152 4405 opud
165 4338 281 4402 Arcturo,
300 4334 391 4385 l’bacn.
405 4348 430 4384 v.
443 4331 487 4398 33,
505 4346 586 4398 usquc
602 4329 702 4381 aliunde
721 4331 889 4399 grammatici,
906 4332 985 4384 schol.
997 4330 1069 4383 dne.
1082 4336 1110 4382 rt
1121 4327 1208 4397 nepo.
1220 4329 1257 4383 li.

87 4440 110 4490 p.
121 4423 179 4486 ato,
196 4422 234 4486 ta,
247 4423 310 4473 bane
323 4419 426 4472 iernen
438 4425 590 4485 conpertam
603 4416 721 4468 babuisse
733 4417 861 4470 ridentur.
885 4418 936 4470 Sed
948 4417 1014 4487 apud
1026 4417 1134 4470 Arcton
1145 4414 1257 4468 Vossius

87 4524 205 4576 perquem
217 4507 340 4576 probabili
353 4505 497 4559 coniectura
510 4504 594 4572 lisere
606 4502 764 4554 scribendum
776 4518 836 4555 esso
848 4503 948 4555 statuit.
