2962 4808
685 420 749 486 ess
793 512 801 518 .

134 638 174 702 ap
205 608 308 679 nicaei
338 605 458 698 ἑκάστη
488 632 541 688 τις
567 600 663 689 odeo,
692 601 716 697 ἢ
741 604 789 688 εἷς
816 605 940 676 ἕκαστα
967 603 1297 698 παραλαμβανομίνη,

135 714 305 800 πανταχοῖ·
326 711 511 801 βοηθοῦσα,
537 704 559 800 ἢ
582 706 635 778 ὅτι
657 705 799 779 ἑκάστου
821 711 906 778 θεοῦ
926 710 1034 796 τιμῶν
1053 707 1192 795 μετέχει.
1224 713 1297 777 Nara
1378 795 1380 798 Ι

135 821 241 885 dicitur
255 841 324 884 sanc
336 820 441 881 llecate
457 818 590 880 ornninua
606 818 729 881 deorum
745 818 826 881 socia
841 837 1026 900 consorsque
1040 837 1207 892 rtruneruna,
1224 817 1299 881 adeo

136 932 168 986 ut
186 923 257 986 nibil
276 923 365 986 diuini
386 922 519 984 beneficii
540 923 575 984 ad
596 922 733 984 lromiues
752 921 863 1002 absque
882 921 928 985 illa
949 930 1131 1003 pennaneat,
1151 920 1248 1000 sitque
1267 939 1300 980 es

137 1025 262 1105 proinde
279 1025 308 1087 in
325 1024 405 1087 oanni
423 1026 545 1087 deoruur
563 1024 705 1086 sscrilicio
722 1024 810 1086 sirnul
825 1023 996 1086 inroranda.
1026 1025 1087 1086 lans
1103 1042 1173 1085 sero
1189 1032 1222 1084 ιιι
1235 1022 1300 1083 alli·

137 1127 249 1189 eiautur
269 1127 405 1189 bonaiuos
425 1129 550 1189 ‹lcororu
569 1125 735 1199 laeneliciis,
755 1124 869 1187 duabus
889 1125 977 1187 relius
999 1144 1075 1207 opius
1091 1144 1157 1187 esse
1171 1133 1302 1205 apparet,
1365 1174 1371 1185 .

137 1238 169 1290 ιιι
187 1239 216 1291 et
236 1229 323 1291 velint
346 1229 382 1291 iis
408 1228 453 1290 dci
473 1228 548 1290 tune
568 1230 676 1299 tautane,
701 1239 730 1289 et
751 1238 784 1289 ut
809 1226 941 1308 possint:
966 1226 1159 1306 quaraaobrenr
1179 1231 1229 1288 aut
1248 1243 1302 1285 so·

138 1332 279 1394 luntatcua
300 1331 429 1393 ‹lisinanr
446 1331 551 1393 llccate
571 1329 730 1410 significari
746 1329 893 1403 diceneus,
913 1337 963 1391 aut
977 1336 1164 1410 potestatem.
1193 1327 1235 1389 sle
1248 1346 1302 1388 ro·

137 1434 256 1497 luntatis
276 1434 395 1516 quidun
415 1433 659 1514 significationem
681 1430 766 1494 etiarn
787 1431 818 1494 in
835 1431 901 1511 ipso
918 1430 1039 1492 nomine
1053 1429 1240 1492 lleunannus
1256 1428 1303 1491 in·

138 1556 204 1599 use
219 1537 337 1609 statuit,
353 1536 461 1618 quippe
476 1536 557 1617 ‹puod
574 1554 640 1598 cuna
657 1525 754 1608 ἑκών,
779 1526 871 1619 ι’κητι
889 1542 1047 1615 cognatum
1063 1532 1112 1606 sit,
1128 1530 1303 1612 interpreto-

140 1648 245 1720 turque
259 1629 400 1724 ‘Eudrapa
420 1637 659 1712 Volumniam!
672 1638 712 1713 ²).
743 1635 930 1716 Quamquam
950 1633 976 1696 is
995 1653 1056 1696 non
1079 1633 1115 1696 dc
1135 1632 1230 1696 diuina
1252 1633 1304 1694 sed

141 1742 177 1804 de
199 1742 328 1804 bumana
352 1740 451 1821 potius
477 1739 624 1802 uoluntate
649 1736 798 1818 cogitarit:
824 1756 892 1799 nam
914 1736 1078 1799 Hesiodese
1097 1734 1211 1798 tabulae
1230 1733 1306 1796 benc

141 1842 315 1907 sententiam
331 1863 398 1904 esso
413 1842 461 1917 ait,
476 1852 508 1904 nt
522 1862 557 1904 aa
572 1840 675 1923 agendi
692 1839 790 1902 studio
806 1849 835 1902 et
850 1839 987 1913 sollertia,
1002 1821 1204 1901 addicentibus
1219 1835 1305 1899 etiarn

143 1947 236 2026 signis
261 1946 449 2020 caelestibus,
476 1965 603 2027 prosper
623 1952 745 2006 euentus
765 1941 885 2024 prodire
905 1943 1026 2004 dicatur.
1062 1940 1149 2022 Signa
1170 1938 1305 2003 caelestia

142 2059 265 2133 proptor
279 2049 390 2111 Porsen
410 2048 602 2111 admiscuisse
622 2046 750 2118 videtur,
772 2044 895 2107 llceatcs
916 2054 1043 2125 patrem,
1064 2062 1152 2124 (poem
1168 2042 1232 2123 ipse
1247 2040 1306 2103 Zo-

143 2154 274 2225 diacuna,
289 2153 318 2214 la.
330 2173 356 2215 e.
372 2151 543 2232 signiioruru
561 2150 677 2223 orbem,
691 2167 757 2211 esse
773 2147 880 2220 credit,
895 2166 952 2229 qua
967 2146 1004 2208 de
1018 2165 1050 2208 re
1065 2146 1192 2227 posthae
1206 2143 1307 2206 dicen·

143 2255 213 2319 dunt
234 2255 298 2318 crit
329 2256 387 2317 Sed
407 2255 562 2317 coniusaur
582 2254 626 2317 sie
639 2262 669 2315 et
683 2251 857 2334 permixtam
873 2250 1029 2313 voluntatis
1044 2251 1191 2313 laumense
1205 2248 1307 2330 signo-

144 2378 269 2440 rumque
285 2357 453 2421 caelestiuru
469 2356 727 2438 significationem,
746 2365 780 2419 ut
795 2373 854 2418 una
869 2353 991 2418 llecates
1006 2370 1135 2436 persona
1150 2361 1309 2433 utrumque

143 2471 393 2545 repraesentetur,
414 2461 459 2523 vix
476 2461 593 2543 probari
609 2481 701 2543 posse
715 2459 856 2534 arbitror,
871 2457 1080 2541 quamobrem,
1096 2455 1184 2519 etiam
1200 2453 1308 2538 siquis

144 2566 222 2630 illam
238 2564 369 2628 asininis
384 2563 567 2626 notationem
583 2582 645 2626 non
660 2571 795 2646 spernat,
809 2562 918 2626 rectius
934 2571 1031 2624 tannen
1048 2561 1112 2622 sine
1128 2559 1218 2623 dubio
1235 2558 1309 2621 diri·

144 2689 212 2733 naur
224 2670 403 2731 uoluntatem
416 2667 573 2748 significari
585 2667 732 2742 indicabit,
748 2687 838 2750 quum
851 2664 1024 2749 praesertim
1035 2663 1217 2745 saepissime,
1229 2661 1308 2742 quod

145 2773 268 2835 dooruur
288 2771 439 2833 voluntate
458 2771 502 2844 bt,
522 2766 613 2833 θεῶν
635 2765 728 2855 i'zprr
750 2768 812 2831 beri
833 2769 954 2831 dicatur.
983 2766 1091 2829 l'eruur
1111 2766 1197 2844 longe
1213 2774 1310 2827 umen

146 2874 327 2956 probabilior
339 2883 384 2935 est
394 2873 483 2936 altera
495 2872 625 2934 nouunis
637 2872 759 2947 nomio,
773 2890 847 2951 quase
858 2880 888 2932 et
901 2869 1047 2932 veteribus
1061 2868 1224 2950 plerisquc¹
1237 2871 1266 2944 ³)
1283 2877 1312 2930 et

147 2976 342 3040 motionum
362 2975 450 3054 longe
468 2973 604 3057 pluribus
625 2974 733 3055 placuit
744 2983 752 3020 ¹
764 2981 810 3052 ⁴),
829 2984 863 3039 ut
878 2964 999 3058 Ἑκάτη
1020 2972 1143 3053 eiusque
1161 2969 1310 3053 geminum

150 3182 446 3195 Ἥκω-σοι-

222 3313 266 3377 121
287 3313 324 3364 lle
334 3312 439 3381 mythol.
452 3311 497 3364 Gr.
508 3312 585 3380 antiq.
600 3312 624 3363 ia
638 3312 730 3379 0poec.
739 3309 760 3363 tl
773 3304 796 3378 p.
806 3309 853 3362 185
863 3318 890 3362 et
899 3309 1090 3378 alise.dollpoll.
1105 3317 1131 3362 et
1141 3309 1212 3361 llieo.
1221 3309 1314 3377 Opone.

150 3398 195 3451 l'll
210 3415 234 3467 p.
245 3398 304 3450 306.

222 3484 266 3551 13)
285 3483 342 3536 l'id.
355 3485 463 3553 llespeb.
477 3501 498 3536 e.
512 3500 536 3536 s.
549 3478 668 3536 irrisero.
694 3482 813 3535 lleruclit.
829 3482 905 3547 alleg.
923 3482 993 3533 Horo.
1008 3498 1032 3549 p.
1044 3481 1084 3533 23.
1114 3480 1197 3532 Sebol.
1209 3480 1241 3532 ed
1252 3478 1281 3532 ll.
1294 3477 1314 3540 l,

146 3571 215 3635 sss,
233 3570 344 3638 Etymal.
358 3569 392 3622 tt.
405 3589 428 3638 p.
439 3570 502 3636 3211,
515 3571 540 3622 o.
552 3570 645 3622 Zonur.
658 3586 682 3638 p.
693 3569 752 3622 651.
776 3569 870 3622 Endon.
885 3586 908 3638 p.
919 3568 934 3621 8
946 3576 973 3622 et
984 3567 1028 3620 all.
1041 3597 1075 3607 -
1086 3567 1220 3621 Nonnullis
1232 3574 1314 3618 tmen

150 3649 248 3722 ‘barian
261 3656 329 3708 dicte
340 3656 473 3708 videbator
485 3673 500 3708 n
513 3655 634 3709 numerali
646 3649 758 3722 ἑκατόν,
772 3655 827 3707 sire
840 3657 905 3724 qood
917 3661 1016 3707 centurn
1029 3654 1052 3705 la.
1063 3670 1085 3706 e.
1098 3653 1190 3705 multet
1202 3659 1315 3721 potestu-

154 3750 195 3794 tes
211 3741 328 3807 habeoet,
348 3743 402 3794 siue
415 3744 479 3810 quod
492 3751 594 3809 segetes
605 3742 758 3811 tnnldpliees
771 3742 903 3808 redderet,
916 3741 1015 3793 seilicet
1026 3757 1101 3810 quoru
1113 3741 1199 3792 eadem
1210 3753 1240 3790 re
1252 3736 1315 3789 Pro·

155 3828 255 3896 serpina
267 3844 324 3880 esse
338 3835 502 3880 statueretur.
526 3827 584 3881 bid.
598 3827 714 3895 surgen
726 3825 750 3894 l,
762 3827 779 3880 9
792 3845 815 3896 p.
827 3827 859 3880 12
872 3827 959 3880 blank.
973 3834 1000 3880 et
1012 3826 1139 3896 liptlrossr.
1149 3824 1221 3878 Rom.
1231 3821 1262 3887 ll,
1277 3822 1316 3874 15.

155 3909 200 3974 lll,
218 3912 242 3964 ’1.
266 3913 386 3966 Similiter
398 3914 538 3981 Apollineas
555 3910 655 3968 ἕκατον
670 3915 763 3966 dietum
782 3915 917 3967 votuerunt
934 3920 1038 3982 propter
1055 3920 1153 3965 ceuton
1172 3910 1278 3976 sagittas
1291 3907 1316 3959 iu

157 3997 293 4066 Pptboucsa
310 4000 449 4066 coniectas,
467 4001 539 4052 euius
556 4001 593 4053 rei
609 4008 740 4053 auctorem
752 4000 904 4051 Simoniden
920 4000 1000 4052 citent
1011 3997 1121 4051 lolianus
1138 4013 1178 4065 ep.
1188 3995 1221 4047 21
1233 4011 1257 4064 p.
1267 3992 1317 4045 3115

158 4080 187 4133 ll.
202 4082 316 4135 Eostetl.
328 4086 360 4135 sd
371 4084 399 4136 ll.
412 4084 431 4147 l,
444 4085 476 4135 75
488 4102 513 4154 p.
523 4085 565 4151 52,
580 4086 619 4138 lb.
644 4084 734 4138 Trete.
748 4101 821 4152 caes.
835 4085 864 4139 ll.
877 4103 901 4155 p.
913 4085 971 4138 111.

228 4166 272 4228 11)
292 4166 404 4220 Fuerunt
424 4177 505 4222 tenea
518 4171 559 4239 qui
573 4187 605 4223 ex
618 4170 768 4224 Phoenicusa
780 4172 865 4238 lingue
878 4187 967 4223 comeo
980 4175 1139 4238 repeterent,
1152 4166 1224 4219 velot
1236 4164 1318 4218 Cleri·

159 4252 247 4304 cased
259 4253 342 4318 theos.
355 4270 380 4306 ι.
389 4255 436 4306 ttt
451 4263 478 4308 et
491 4256 640 4324 bechus-tos,
653 4257 742 4325 quibos
755 4253 1012 4320 senseresensere
1025 4255 1103 4322 nytb.
1115 4270 1140 4323 p.
1152 4252 1209 4304 111).
1232 4250 1320 4319 Nuper

158 4344 243 4389 eote·
255 4351 270 4388 ι
282 4339 428 4390 uaecritica
445 4340 529 4399 redire
541 4356 609 4407 vae,
627 4358 691 4410 quae
707 4342 793 4395 velle
804 4342 944 4408 significet,
961 4337 1059 4394 ἳιιιιιοιι
1070 4339 1163 4392 lecturo
1176 4343 1320 4391 notuerunt

159 4422 268 4475 metus
286 4422 310 4474 ia
327 4423 459 4491 epilepen.
475 4425 507 4476 ed
523 4425 620 4478 Reuieii
636 4427 689 4480 lex.
705 4428 759 4480 red.
777 4427 843 4492 (vid.
856 4426 927 4480 Cart.
940 4426 965 4480 ta
977 4424 1092 4480 utnon.
1105 4423 1234 4479 Zelteclur.
1246 4421 1322 4476 idae
