2962 4808
469 1468 1087 1567 uncutuulnucuslloduulco

158 1783 178 1837 a
274 1760 446 1842 alristotolos
456 1781 721 1864 lteuplosicomm
732 1781 806 1845 libro
818 1781 916 1864 primo
928 1799 991 1861 eap.
1004 1781 1049 1855 lv,
1064 1791 1222 1863 postquam
1233 1790 1363 1843 aeterum

201 1879 450 1963 philosophomm
466 1885 611 1950 derorum
623 1885 774 1973 principiis
787 1886 948 1948 sententias
960 1883 1272 1964 breviterperoensuit,
1287 1901 1362 1965 quo·

199 2001 267 2045 rum
282 1981 330 2046 alii
344 1984 416 2048 nibil
432 1986 489 2049 nisi
505 1989 656 2051 materiam
672 1989 820 2068 quandam
837 1987 961 2068 primam
977 1995 1155 2061 statuerunt,
1170 1988 1249 2049 unde
1264 1987 1363 2050 omnis

200 2104 298 2148 rerum
314 2097 418 2150 natura
433 2089 590 2169 prodierit,
606 2089 652 2152 alii
668 2100 770 2153 eontra
786 2089 872 2151 etiam
888 2089 1008 2150 altorum
1021 2087 1170 2167 ‹proddam
1187 2087 1363 2170 principium

200 2200 440 2272 assumpsemnt,
460 2191 489 2254 in
509 2211 569 2273 quo
589 2192 633 2255 vis
649 2192 759 2255 inesset
773 2192 934 2255 movendae
949 2190 1086 2253 materiae
1101 2199 1130 2252 ot
1144 2192 1181 2253 ad
1197 2192 1364 2272 generatio·

201 2310 270 2354 suern
284 2310 381 2357 rerum
398 2293 576 2370 ineinandae,
597 2306 749 2378 postremo
763 2306 875 2372 autom,
894 2313 985 2377 quum
1002 2293 1180 2356 intellectum
1195 2303 1286 2367 osset,
1302 2312 1364 2357 nou

200 2397 376 2460 nroaendam
392 2397 490 2462 solum
505 2399 671 2474 materiam,
692 2400 745 2462 sed
760 2399 874 2462 ratione
888 2409 918 2461 et
932 2395 1055 2461 consilio
1071 2395 1248 2460 movendam
1263 2398 1364 2474 luisse,
1417 2483 1420 2489 .

200 2499 288 2562 leuius
308 2500 350 2564 rei
365 2520 451 2565 musa
471 2512 559 2585 atque
578 2501 755 2585 principium
770 2502 801 2566 in
816 2503 912 2566 blente
927 2523 951 2564 s.
967 2498 1159 2580 intelligentia
1174 2500 1304 2581 positum
1320 2511 1367 2565 est

200 2604 237 2666 ab
256 2605 429 2684 Anaxagora
450 2608 607 2669 autetiam
628 2616 695 2670 ante
714 2625 781 2669 eum
802 2605 839 2669 ab
859 2605 923 2669 eius
943 2602 1079 2687 populari
1099 2603 1299 2665 Hermotimo:
1319 2604 1365 2667 lais

201 2706 290 2789 igitur
309 2710 547 2773 commemoratis
563 2711 736 2773 Aristoteles
757 2709 886 2790 primum
907 2718 1004 2771 tannen
1025 2705 1174 2779 omnium,
1196 2705 1246 2786 qui
1261 2705 1298 2767 de
1317 2707 1365 2769 tali

201 2814 330 2896 quodam
350 2810 496 2894 principio
516 2812 719 2894 cogitaverint,
740 2813 902 2876 Hesiodum
923 2811 1015 2874 rideri
1035 2829 1126 2892 posse
1141 2809 1310 2891 profitetur,
1332 2829 1367 2872 ae

201 2915 227 2979 si
241 2916 307 2999 quis
321 2925 437 2999 praeter
452 2917 530 2979 laune
545 2916 575 2979 in
586 2936 685 2981 rerum
697 2916 849 3000 principiis
863 2915 1071 2999 Cupidinem)
1086 2911 1229 2995 posuerit,
1245 2910 1275 2975 id
1286 2912 1366 2993 quood
1430 2980 1433 2984 Α

274 3205 297 3269 l)
310 3203 493 3272 Cupidinem
506 3221 578 3272 quam
591 3198 844 3277 unornan'llpmra
855 3205 940 3257 dicere
952 3202 1028 3256 malui
1040 3203 1071 3254 ad
1082 3200 1248 3254 Romanorum
1258 3200 1366 3268 scripto·

205 3305 258 3342 rum
270 3291 424 3359 exemplum,
437 3292 478 3362 qui
492 3292 553 3344 lieet
565 3293 706 3360 prorniscue
720 3309 892 3360 nonnunquam
905 3292 968 3343 laune
979 3291 1066 3355 deuna,
1080 3287 1245 3354 religionibus
1257 3287 1368 3354 ipsorum

206 3376 328 3442 ignauum,
340 3386 447 3447 utroque
460 3380 558 3430 nomine
569 3379 710 3448 appellent,
724 3387 753 3431 ut
764 3378 861 3444 Vergil.
875 3380 938 3430 lieu.
949 3377 966 3446 l,
979 3377 1030 3428 656
1043 3376 1100 3428 eoll.
1114 3374 1164 3426 666
1176 3381 1203 3426 et
1214 3373 1278 3437 665,
1293 3373 1367 3439 louge

207 3463 362 3529 frequentius
375 3472 456 3516 tamen
469 3465 651 3534 Cupidinem
665 3465 751 3516 dicere
763 3466 855 3516 solent.
880 3463 969 3515 Cicero
981 3462 1078 3529 quidem
1091 3460 1181 3529 ubique
1199 3459 1248 3522 sie,
1265 3459 1297 3511 de
1309 3458 1367 3511 n'at

207 3546 282 3599 Dour.
293 3546 338 3613 lll,
351 3549 404 3613 26,
416 3549 458 3601 bb.
471 3550 512 3602 56.
546 3549 622 3602 Vera.
632 3549 666 3614 ll,
679 3550 720 3603 dl.
738 3550 781 3616 lV,
794 3550 818 3602 2.
831 3550 856 3601 6.
869 3549 910 3600 55.
924 3548 970 3614 66,
989 3556 1163 3617 praeterquam
1177 3562 1227 3597 uno
1239 3546 1309 3610 loeo,
1326 3546 1368 3597 ubi

207 3641 338 3702 utramque
351 3651 438 3687 nomen
451 3637 542 3704 pasadt,
555 3637 576 3687 si
589 3635 667 3687 verba
680 3637 735 3687 eius
747 3644 866 3688 neenrnte
878 3651 893 3687 a
903 3634 1034 3687 laetantia
1048 3634 1129 3685 relata
1141 3639 1213 3695 suot,
1225 3631 1242 3698 l,
1253 3632 1293 3698 26,
1304 3647 1368 3698 quae

208 3717 231 3769 ia
244 3720 421 3786 superstitibus
439 3722 511 3773 bodie
528 3722 600 3775 libris
612 3720 741 3773 Ciceronis
759 3738 806 3773 uon
824 3728 926 3773 eatam:
944 3719 1106 3786 „llngnum
1123 3720 1234 3770 Cicero
1250 3718 1368 3769 audax·

208 3805 442 3870 queeonsilinna
455 3808 638 3876 suscepisse
651 3805 816 3858 Graeciam
829 3806 923 3871 dicit,
942 3805 1022 3874 quod
1035 3803 1219 3873 Cupidinum
1236 3802 1368 3854 etAmo·

210 3906 271 3942 runa
289 3890 458 3942 simulares
476 3893 505 3943 la
524 3893 698 3962 gymnasiis
716 3891 968 3944 conseerasset‘⁴
992 3886 1369 3954 Namuenaanaoa.1tl,1t,

209 3976 254 4028 ll:
277 3977 384 4045 „Quod
403 3977 430 4029 ai
448 3977 491 4030 ita
508 3988 566 4048 est,
584 3980 673 4032 Caeli
692 3996 812 4049 quoque
831 3986 980 4047 parentes
998 3978 1040 4029 dil
1058 3974 1188 4028 bubeadi
1206 3980 1291 4036 suut,
1309 3975 1370 4026 Ae·

209 4064 281 4114 ther
297 4070 328 4114 et
346 4062 420 4114 llies
437 4079 602 4131 eorumque
620 4065 743 4118 iratres
761 4072 795 4116 et
811 4079 955 4130 sorores,
979 4063 1028 4131 qui
1051 4060 1272 4127 agenealosis
1289 4061 1369 4112 anti·

210 4148 279 4215 quis
297 4148 343 4199 sie
361 4147 569 4210 nominantur,
583 4151 685 4215 llssor,
704 4149 814 4213 llolus,
833 4149 948 4211 bletns,
966 4148 1082 4212 Labor,
1100 4144 1279 4199 Invidentia
1292 4147 1369 4199 ete.“

209 4232 308 4284 Amoris
318 4231 416 4283 nomine
426 4225 583 4302 nosa'Bpuao
592 4235 637 4285 sed
648 4229 789 4301 ψιλότητα
800 4233 936 4298 είςυίῆοινί
945 4249 979 4286 ex
989 4231 1099 4285 llesioalo
1109 4230 1267 4295 intelligitur,
1273 4227 1368 4297 Tbeog.

209 4335 235 4371 v.
248 4318 306 4370 22l.
331 4317 448 4368 Ceterum
461 4315 576 4381 luerunt,
593 4319 634 4386 qul
647 4320 723 4371 etlam
736 4320 791 4372 bule
805 4312 940 4385 «baldram
952 4317 1150 4383 eosmnssonieam
1163 4314 1369 4381 significationem

208 4409 369 4473 assererent,
382 4402 486 4454 similene
499 4400 655 4469 anpednelia
671 4403 768 4472 molto,
784 4403 928 4456 Crenserna
940 4403 1021 4474 llpist.
1035 4403 1106 4457 llnna.
1118 4409 1146 4455 et
1157 4394 1223 4455 llea.'
1229 4416 1255 4471 p.
1269 4400 1326 4470 166,
1338 4401 1369 4455 F.
