2962 4808
683 358 884 458 ...112

206 567 321 630 cunque
335 545 372 610 ah
386 564 422 608 eo
437 556 588 627 procreata
603 560 686 612 erant
700 560 804 631 postea
820 551 930 634 Iupiter
945 549 1116 626 devorasse,
1132 569 1168 614 ae
1182 549 1287 613 deinde
1301 567 1369 613 rur·

207 673 257 716 sus
272 672 307 714 ox
336 659 430 714 semet
448 650 657 731 progenuisse,
672 669 766 734 eoque
786 654 877 717 modo
897 651 999 727 huius,
1016 654 1066 735 qui
1086 671 1166 716 nunc
1185 663 1245 728 est,
1265 653 1369 717 mundi

207 764 288 837 poter
308 763 395 835 atcpuo
414 761 528 815 creator
548 755 643 817 taetris
663 775 731 818 esse
749 757 870 830 dicitur,
891 755 1085 837 quamohrem
1105 773 1167 818 non
1186 755 1295 818 mirum
1315 764 1370 831 cst,

205 857 322 929 eadem,
342 875 416 937 qnae
428 855 476 931 illi,
490 875 577 937 quem
593 855 794 933 devoraverat,
816 858 995 939 Primigenio
1012 858 1188 939 cognomina
1203 858 1292 922 etiam
1307 857 1369 921 lori

206 960 296 1022 indita
317 979 400 1032 osse,
423 969 455 1021 ut
477 959 621 1023 dicuutur
642 956 699 1024 καὶ
722 958 840 1048 Μῆτις
866 957 999 1046 πρῶτος
1026 950 1162 1045 γενέτωρ
1188 956 1247 1025 καὶ
1263 952 1371 1046 ’Ἔρως

207 1055 417 1151 rcodceeprnfg
429 1070 435 1109 ¹
448 1069 489 1144 2).
502 1100 544 1111 -
556 1067 689 1129 Ceterum
708 1068 782 1130 liare
792 1065 992 1148 Orphicorum
1005 1075 1139 1128 monstra
1152 1084 1240 1147 ipuom
1256 1074 1371 1128 vetusta

207 1169 274 1244 siut,
288 1188 429 1252 penpuam
451 1169 522 1232 mihi
538 1169 658 1233 dnhium
675 1171 767 1234 rideri
783 1171 840 1235 iam
857 1170 925 1234 alihi
941 1169 1100 1252 significari
1111 1172 1173 1247 ²⁰),
1188 1188 1279 1251 quum
1294 1168 1371 1232 anti·

207 1274 325 1356 quiores
344 1293 447 1336 eurum
463 1283 553 1337 testes
573 1275 671 1338 nullos
687 1275 862 1350 haheamus,
884 1294 974 1356 quam
996 1283 1046 1336 ant
1065 1282 1163 1354 potres
1180 1271 1373 1346 Christianos,

207 1377 421 1457 Athenagoram
447 1377 682 1459 Clrrrrontenupne
707 1389 880 1460 utrumque,
911 1387 961 1441 aut
986 1376 1154 1440 Platonicos
1184 1373 1372 1447 nocentiores,

209 1481 366 1552 llernriam,
378 1479 527 1554 l’rochnn,
539 1480 724 1544 llarnasciurn
737 1481 880 1563 aliosque:
893 1490 996 1544 utnon
1009 1478 1156 1542 immerito
1169 1479 1245 1541 hanc
1254 1495 1374 1539 omnem

156 1617 157 1620 ¹
209 1593 321 1666 partem
342 1583 530 1663 theogoniae,
550 1593 679 1665 ‹prraoost
697 1584 733 1646 de
748 1584 879 1647 l‘hanrte
898 1584 1020 1664 eiusque
1037 1581 1180 1665 catenosi,
1199 1580 1373 1662 antiquiori·

210 1689 267 1751 hus
283 1687 411 1769 ignotam
432 1696 462 1748 et
475 1686 620 1749 recentius
636 1687 756 1749 deinum
771 1708 787 1750 a
804 1686 962 1750 Platonicis
978 1686 1117 1749 insortam
1134 1683 1309 1768 suspiceris,
1324 1683 1374 1765 qui

212 1811 282 1854 suae
301 1792 338 1852 de
358 1791 470 1852 mutulo
491 1790 658 1871 intelligibili
680 1798 747 1852 anto
771 1791 850 1853 hune
870 1789 1049 1853 iuratorialem
1069 1790 1219 1853 doetrinae
1234 1790 1375 1851 uetustis·

212 1895 321 1957 simum
341 1903 460 1974 pootmn
483 1893 705 1974 quodammodo
721 1893 897 1975 praelusisse
916 1893 1030 1955 vellent.
1066 1892 1222 1972 Antiquior
1241 1891 1304 1953 sine
1318 1891 1374 1955 du-

213 1998 262 2059 hio
278 2017 310 2059 ea
322 2005 368 2057 est
382 1995 556 2075 theogoniae
567 1995 712 2076 Orphicae
729 1998 837 2069 torma,
859 2015 945 2078 ipmm
957 2015 992 2057 ex
1010 1994 1189 2075 llioronpmo
1206 1995 1376 2057 damascius

214 2105 358 2161 memorat
372 2098 408 2159 dr
424 2098 516 2178 princ.
532 2118 561 2178 p.
574 2097 650 2171 aad,
670 2099 766 2178 praullo
788 2108 866 2160 certo
884 2098 984 2160 irriuus
1005 2106 1217 2159 monstrosam.
1248 2097 1326 2159 llaec
1345 2096 1376 2159 in

213 2199 358 2282 principio
377 2200 504 2279 ponehnt
530 2199 717 2262 llunrorem
744 2200 976 2281 Terraruquo,
1000 2200 1030 2262 h.
1047 2220 1072 2262 c.
1093 2199 1263 2262 solidiorem
1282 2208 1377 2261 mate·
1457 2191 1459 2194 ⁴

215 2302 302 2372 rinrn,
323 2320 358 2362 ex
373 2300 498 2363 humore
513 2311 696 2364 concretam:
717 2302 768 2363 sed
784 2302 901 2381 utrique
920 2301 977 2364 rim
999 2301 1146 2382 quandam
1162 2301 1275 2363 vitalem
1291 2311 1377 2382 atque

214 2402 367 2467 animalem
384 2401 503 2464 insitam
523 2401 613 2494 luisse
632 2423 679 2466 ros
699 2403 763 2485 ipsa
779 2405 967 2468 manifestum
983 2405 1060 2467 lach.
1091 2403 1166 2466 Nam
1182 2404 1289 2467 coiisse
1304 2404 1379 2467 inter

149 2579 153 2591 1
215 2527 247 2568 se
267 2505 416 2585 hliunrqne
436 2523 609 2585 procreasse
624 2507 774 2580 dicuutur,
793 2526 849 2570 rroc
868 2507 992 2570 dubitari
1012 2516 1125 2587 potest,
1144 2507 1215 2586 quin
1230 2507 1319 2570 Terra
1334 2508 1377 2569 lo·

215 2609 307 2682 mina,
328 2607 443 2671 llurunr
462 2611 609 2671 masculus
630 2609 746 2672 hahitus
767 2611 820 2684 sit,
840 2611 890 2691 qui
912 2610 948 2673 ah
969 2609 1041 2691 ipsis
1063 2607 1199 2687 Orphieis
1215 2611 1378 2673 Oceanus

216 2711 315 2793 potius
332 2703 538 2797 ‹priam‘haop
552 2712 712 2793 appellatus
727 2731 794 2773 csse
808 2712 936 2785 ridetur,
956 2709 1194 2790 qnandoquidem
1210 2730 1328 2773 versum
1344 2731 1379 2773 ex

217 2814 346 2875 llomero
368 2813 477 2876 nemini
503 2814 649 2895 ignotum,
671 2805 839 2890 Ὠκεανοῦ,
868 2805 973 2894 ὅσπερ
996 2803 1122 2893 γένεσις
1143 2803 1306 2875 πάντεσσι
1326 2805 1380 2876 τέ-

216 2936 347 2992 τυκται,
363 2916 563 2996 Athenagoras
579 2935 608 2996 p.
626 2917 683 2978 tlt
701 2915 845 2978 liechenh.
863 2927 1001 2994 tanquam
1017 2911 1178 2992 Orphicum
1194 2914 1289 2985 affert,
1304 2913 1382 2975 hanc

219 3021 312 3101 ipsam
329 3019 365 3081 de
380 3017 534 3100 principiis
551 3018 728 3092 iliictrinam,
748 3036 835 3099 qinom
851 3037 885 3080 ex
901 3016 1080 3095 {tieronpmo
1096 3012 1266 3076 damascius
1281 3015 1381 3088 refert,

219 3138 467 3186 conmemorans.
493 3120 552 3183 Nee
564 3120 868 3183 mimmllomericum
881 3137 999 3182 rersum
1011 3116 1046 3179 ad
1059 3115 1210 3197 Orpheum
1222 3115 1333 3190 referri,
1344 3117 1381 3178 ad

219 3243 306 3307 quem
327 3223 412 3286 etiam
429 3222 592 3286 llesiodeos
613 3242 674 3287 non
689 3242 800 3305 paucos
821 3221 924 3286 reterri
945 3221 1088 3284 violemus.
1119 3218 1235 3300 Quippe
1249 3227 1382 3300 uterque,

221 3329 366 3391 llomerus
379 3336 409 3389 et
420 3326 576 3399 Hesiodus,
588 3327 712 3408 plurima
723 3327 759 3389 ah
768 3325 888 3407 Orpheo
900 3323 1024 3388 mutuati
1036 3341 1101 3387 esse
1112 3321 1332 3384 censebantur²
1344 3324 1381 3399 Ι).

220 3432 277 3495 Sed
298 3431 373 3494 tilius
394 3430 500 3493 Omani
521 3441 549 3493 et
568 3431 675 3494 Terrae
691 3431 828 3494 Chronus
848 3427 909 3503 luit,
924 3428 975 3511 qui
995 3427 1082 3491 etiarn
1098 3425 1236 3488 Hercules
1251 3432 1383 3499 vocatur,

223 3539 316 3617 torma
331 3534 476 3610 hieronis,
493 3535 594 3609 alatus,
605 3554 675 3599 curn
688 3534 833 3618 capitibus
851 3533 924 3598 tauri
940 3541 969 3596 et
983 3531 1092 3606 leonis,
1109 3527 1261 3609 mediaque
1275 3526 1383 3591 horum

175 3655 201 3707 lt
225 3639 295 3705 lacie
310 3638 413 3703 dirim.
441 3639 482 3703 lle
492 3639 547 3703 hac
558 3641 665 3715 torma,
681 3649 709 3702 ot
720 3657 773 3703 eur
784 3638 922 3702 llercules
935 3637 1031 3701 dictus
1043 3635 1092 3711 sit,
1108 3632 1179 3697 nihil
1190 3631 1294 3695 attinet
1305 3648 1385 3696 nune

225 3833 285 3848 -φ
294 3832 377 3844 ’,ιο-ι.
386 3832 522 3842 ..ι----ιι

296 3936 335 3999 llll
353 3934 435 3987 Prorl.
448 3935 473 3987 in
484 3935 580 3989 Timae.
597 3934 638 4001 ΙΙΙ,
653 3935 701 3986 tao
713 3937 736 3989 Δ
750 3935 829 4000 (368).
843 3932 876 3986 el'.
889 3932 920 3986 ll.
935 3930 982 3985 137
995 3930 1015 3985 C
1028 3927 1120 3996 (³24).
1144 3925 1165 3979 F
1168 3939 1245 3991 ragio.
1258 3923 1335 3992 0rph.
1345 3939 1385 3993 up.

227 4022 318 4075 liuseh.
332 4038 369 4089 pr.
382 4037 422 4073 ru.
435 4020 476 4085 ΙΙΙ,
488 4021 504 4072 h
516 4029 543 4073 et
554 4022 656 4074 Stehne.
670 4020 724 4076 Bel.
738 4020 748 4072 l
753 4059 762 4089 ,
771 4021 796 4087 3,
809 4019 841 4072 23
854 4036 877 4088 p.
889 4018 930 4070 11.

293 4109 335 4172 20)
354 4108 381 4160 ln
393 4108 496 4161 dissert.
508 4110 540 4160 de
553 4109 622 4176 poesi
635 4108 782 4175 theogooico
795 4106 885 4159 Graec.
898 4120 921 4173 p.
935 4104 974 4156 13.

295 4195 336 4257 21)
355 4195 393 4246 (ΙΙ.
404 4193 481 4246 Cleri.
496 4194 536 4246 Al.
552 4178 645 4247 Stroth.
658 4193 692 4247 l'l
705 4210 727 4245 c.
739 4193 764 4246 2.
775 4185 865 4245 Treta.
876 4207 946 4258 ereg.
960 4188 1029 4242 iliud.
1044 4204 1067 4256 p.
1080 4184 1122 4237 26.
1146 4181 1227 4235 litium
1244 4181 1268 4232 iu
1286 4181 1385 4249 hymnis

226 4281 342 4351 Orphicis
354 4279 451 4347 aliquot
465 4293 556 4330 versus
573 4277 696 4331 llomeriei
710 4285 781 4344 suot,
798 4277 871 4329 velut
888 4272 1034 4341 urcttxttl,
1051 4273 1068 4324 4
1085 4278 1126 4324 est
1142 4284 1175 4321 ex
1188 4267 1217 4320 ll.
1234 4264 1307 4332 xxt,
1327 4266 1394 4320 lhd.

226 4371 310 4439 lpus.
321 4365 402 4433 xrtt,
416 4366 427 4419 l
442 4381 476 4418 ex
488 4365 536 4418 0d.
548 4363 593 4431 lh‘,
606 4364 665 4418 528.
677 4366 760 4433 hymn.
772 4362 885 4430 XXXV,
897 4363 955 4415 dex
967 4362 993 4414 h.
1004 4360 1075 4415 uem
1088 4358 1113 4411 iu
1125 4353 1209 4424 apoll.
1222 4352 1278 4407 uel.
1292 4367 1317 4404 r.
1329 4352 1370 4405 16.
1388 4383 1389 4387 ,
