2962 4808
671 464 869 565 ...ffi-

193 652 303 735 ptores,
318 672 390 735 quas
406 654 456 735 qui
471 653 653 731 hausissent,
668 655 793 720 vaticino
809 653 937 736 quodam
953 656 1052 719 surore
1067 652 1182 737 implori
1197 654 1353 719 oedem

192 764 249 816 tur.
275 754 371 816 dietidi
388 765 484 818 tarum
500 776 559 839 quo
572 757 682 820 taoiiius
693 757 823 821 riebitum
836 756 933 819 iocum
945 756 1091 820 vindicare
1101 757 1264 839 possimus,
1278 756 1352 820 alius
1405 753 1409 760 ’

191 866 277 938 poeta
291 856 453 921 iiesiodous
473 860 559 933 ravit,
580 880 615 923 ex
635 860 718 923 ouius
740 860 883 934 carmine,
904 859 1080 939 theogoniae
1099 860 1168 922 olim
1185 859 1352 935 subiuncta

192 978 295 1024 vorsus
315 960 455 1044 aliquota
471 962 579 1026 Galeno
594 972 726 1026 serratos
741 963 957 1039 transnanti),
974 961 1003 1024 in
1018 962 1125 1045 quibus
1140 962 1268 1026 doloris
1283 981 1351 1027 oum

191 1062 245 1125 heo
259 1062 323 1145 ipss
337 1064 443 1127 dietido
456 1065 609 1129 consortio
624 1067 696 1130 haee
713 1065 863 1146 leguntur:

140 1179 170 1232 tt
332 1157 455 1251 Αὐτὰρ
476 1158 530 1250 d'y'
548 1157 705 1232 Ὠκεανοῦ
726 1161 784 1230 καὶ
810 1160 945 1252 Τηθύος
967 1156 1131 1251 ἠϋκόμοιο
1281 1251 1283 1254 y

331 1260 432 1353 κούρῃ
454 1260 555 1355 νόσφ’
568 1261 677 1354 Ἥρης
698 1261 906 1351 παρελέξατο
927 1260 1166 1353 καλλιπαρῄῳ·
1299 1294 1303 1302 ·

332 1363 537 1456 συμμάρψας
558 1361 590 1434 d'
614 1364 672 1454 ὅγε
691 1364 804 1454 χερσὶν
825 1360 882 1457 ἑήν
902 1362 1088 1453 ἐγκάτθετο
1113 1363 1211 1455 rpddr

332 1463 509 1549 ἐξαπατῶν
530 1473 662 1558 Μῆτιν,
687 1463 810 1556 καίπερ
832 1465 1161 1563 πολύϊδρινὲοὖσαν.

189 1573 336 1637 Habemus
362 1575 451 1658 igitur
470 1594 531 1640 non
553 1574 644 1640 tontis
664 1574 785 1639 alicuius
805 1576 964 1658 npnrpiranr
987 1575 1148 1649 fatidicam,
1171 1572 1223 1636 sed
1242 1572 1352 1636 summi

192 1677 268 1742 iovis
289 1689 473 1757 consortem,
491 1700 565 1763 «puae
581 1698 672 1763 quum
688 1679 725 1742 ab
740 1680 798 1743 hoc
811 1679 948 1742 devorata
962 1677 1015 1753 sit,
1034 1676 1152 1760 penitus
1167 1675 1307 1758 deindeps
1322 1675 1352 1738 in

190 1783 254 1846 oius
274 1784 452 1866 praecordiis
468 1783 577 1848 inabitat
591 1783 676 1866 eique
691 1774 932 1869 σνμφρᾶζεται,
952 1791 985 1845 ut
999 1780 1030 1844 in
1046 1779 1202 1864 theogonia
1217 1778 1352 1861 reginarus,

191 1872 323 1965 ἀγαθόν
343 1904 380 1949 τε
402 1879 504 1949 κακόν
523 1905 568 1951 rs.
579 1886 637 1949 'ilii
651 1902 778 1968 quoque,
793 1903 870 1967 quos
881 1883 1095 1966 Apollodorus*
1106 1886 1136 1961 8)
1151 1891 1286 1947 auctores
1302 1901 1352 1945 so·

191 1986 302 2067 quitur,
317 1987 405 2049 iletiu
426 1989 533 2052 Oueani
549 1989 636 2052 diiarn
657 1987 767 2050 sociant
783 1987 843 2051 lori
863 1997 892 2050 ot
906 1987 1101 2051 consiliarium
1118 1986 1209 2049 fuisso
1224 1985 1352 2049 undide-

191 2096 260 2149 ruut
275 2086 304 2149 in
320 2087 458 2151 Titanum
474 2089 564 2153 betto:
584 2108 678 2172 nequo
689 2089 833 2153 diversam
846 2091 922 2153 hane
935 2109 1002 2152 esse
1016 2089 1052 2151 atr
1067 2090 1127 2163 ilia,
1142 2107 1199 2170 qua
1215 2089 1351 2151 desorata

191 2189 300 2271 iupiter
313 2191 485 2265 iiinerranr,
504 2192 541 2254 air
557 2212 591 2255 ea
605 2201 794 2273 conceptam,
815 2213 902 2255 esuo
918 2193 982 2273 ipse
996 2191 1089 2273 capito
1105 2190 1233 2273 peperit,
1255 2189 1350 2253 mani·

192 2293 297 2353 testum
318 2300 373 2354 est.
404 2295 534 2375 Apparet
553 2292 641 2375 igitur
660 2295 767 2357 nudant
788 2294 874 2357 aiiaur
889 2294 977 2358 iietin
997 2312 1063 2357 osse
1082 2293 1139 2356 uisi
1153 2294 1302 2356 dientem
1318 2311 1353 2355 ac

191 2393 362 2475 sapientiam
384 2395 525 2471 utrinam,
546 2414 603 2478 qua
622 2396 753 2460 irubutus
768 2396 877 2478 iupiter
896 2397 1000 2460 mundi
1020 2397 1176 2479 imperium
1196 2395 1352 2478 capessivit

190 2507 220 2558 et
233 2496 432 2563 administrat:
452 2520 526 2582 ‹prrae
542 2502 622 2582 quod
638 2500 745 2564 Oceani
761 2498 818 2562 iiiia
832 2499 947 2576 dicitur,
961 2519 995 2562 ex
1011 2501 1114 2562 eadent
1131 2499 1176 2563 ilia
1191 2499 1351 2562 uetustiore

191 2600 344 2681 theogonia
360 2602 563 2684 explicandum
580 2614 634 2678 est,
649 2605 686 2666 de
700 2623 757 2687 qua
769 2621 857 2685 supra
869 2603 1005 2674 diximus,
1020 2623 1094 2684 «puae
1105 2620 1204 2666 rorum
1217 2601 1350 2665 omniunt

190 2703 331 2786 principia
350 2705 386 2768 air
403 2705 521 2768 Oceano
541 2706 705 2789 repetebat,
726 2716 755 2769 ot
773 2726 807 2769 ox
826 2706 884 2768 hoo
903 2705 988 2786 quasi
1007 2707 1087 2768 fonte
1102 2704 1274 2786 provenisse
1289 2713 1350 2767 stu-

193 2805 291 2870 tuebat
304 2806 444 2889 quidquid
459 2817 539 2871 esset
552 2808 583 2872 in
598 2827 697 2872 rorum
713 2819 829 2885 natura,
849 2827 906 2872 noc
919 2809 1070 2872 materiam
1084 2808 1196 2882 solum,
1210 2808 1263 2872 sed
1279 2827 1351 2871 nor·

190 2927 267 2970 ruam
288 2929 407 2992 quoquo
424 2919 453 2973 et
468 2910 559 2992 tegern
575 2911 713 2974 materiae
727 2912 901 2987 movendae,
920 2912 1143 2994 conrpouondae
1157 2922 1187 2974 et
1200 2912 1351 2992 regendae,

188 3011 379 3094 animumque
387 3012 475 3076 huius
483 3032 604 3078 nonnae
612 3014 741 3097 tegisque
749 3015 805 3077 sibi
817 3017 1350 3096 consciumeamqueexercontom.-

191 3113 305 3178 iirtidis
316 3127 412 3179 autent
422 3108 474 3179 ’16
480 3117 556 3193 rio,
569 3117 682 3181 Gnara
690 3167 697 3193 ‚
705 3128 935 3201 cognomentum
947 3139 1012 3182 esse
1024 3118 1127 3200 potuit,
1139 3117 1248 3199 quippe
1259 3136 1351 3199 ‹puuru

192 3217 230 3280 sit
242 3217 287 3282 ilia
299 3216 441 3283 πλεῖστα
451 3217 543 3284 θεῶν
553 3241 591 3285 τε
601 3213 694 3285 ide-ia
705 3219 923 3309 καταθνητῶν
933 3214 963 3285 τ’
976 3214 1173 3304 ἀνθρώπων,
1185 3229 1218 3284 ut
1229 3229 1352 3301 uterque

190 3331 276 3401 poeta
290 3323 331 3386 ait
342 3324 437 3406 tireog.
449 3343 475 3387 r.
488 3324 550 3388 887
560 3334 590 3388 et
603 3326 681 3407 apud
692 3325 790 3390 Gaieu.
803 3346 829 3389 r.
845 3328 892 3389 15.
915 3326 1073 3407 Proprium
1086 3345 1231 3407 personae
1241 3343 1350 3388 nomeu

190 3422 226 3485 ab
237 3423 273 3485 iis
285 3427 409 3488 tortasse
421 3429 530 3490 [aetum
542 3427 708 3503 eruditioris,
722 3429 771 3511 qui
786 3438 883 3511 aptam
900 3449 1020 3494 uxorenr
1032 3422 1175 3515 Αἰήτῃ,
1192 3426 1351 3491 Telluri·

191 3544 250 3601 no,
270 3537 450 3611 matrumque
466 3531 509 3593 M
514 3527 560 3616 μδ
567 3523 644 3617 rip,
665 3531 924 3606 prudentiane,
943 3538 1124 3613 quaererent.
1147 3529 1258 3593 decidit
1272 3529 1351 3592 enirn

190 3626 236 3690 his
247 3628 373 3704 duobus,
386 3631 413 3694 id
426 3633 505 3713 ‹puod
517 3631 580 3695 aliis
592 3651 711 3714 quoque
723 3633 876 3714 penntdtis
888 3634 1030 3697 accidisse
1042 3640 1206 3705 consutor
1217 3649 1308 3712 qutun
1320 3629 1350 3691 in

190 3731 390 3813 antiquissima
405 3734 545 3815 reiigione
558 3756 614 3819 pro
630 3735 686 3799 diis
701 3746 801 3799 esseut
811 3747 840 3799 et
852 3735 1025 3810 colorentur,
1041 3732 1287 3817 apostoriorihus
1298 3731 1350 3794 de·

190 3849 288 3908 mum,
302 3845 331 3896 ot
345 3835 375 3897 in
391 3836 499 3917 vulgari
514 3847 544 3899 ot
558 3838 672 3918 poetica
686 3837 879 3918 mythologia,
894 3837 1042 3900 divinitate
1056 3855 1109 3899 sua
1124 3835 1200 3898 exuti
1215 3834 1252 3897 ad
1267 3850 1351 3896 mor·

191 3932 289 3996 talium
305 3937 505 4001 conditionem
526 3938 765 4002 detraherentur⁴
775 3943 815 4016 ⁰).
845 3940 887 4003 lie
900 3939 977 4020 Idyia
993 3949 1101 4013 umen,
1116 3954 1221 4000 serene
1235 3954 1252 3998 a
1267 3935 1350 4017 prin·

191 4033 269 4116 cipio
289 4036 390 4100 eadem
406 4059 440 4102 ae
453 4039 537 4103 dietis
552 4040 654 4116 fuerit,
674 4059 712 4104 ru
725 4043 848 4104 condeta
864 4039 1070 4104 tantummodo
1086 4049 1150 4102 eo'ur
1167 4038 1206 4101 ob
1222 4053 1350 4110 causam,

192 4156 263 4167 ..ο-
272 4160 385 4170 ------
388 4162 487 4172 -.-..—

259 4203 306 4268 st)
325 4205 361 4257 [ie
374 4207 412 4258 itis
423 4209 539 4261 versibus
551 4210 601 4262 rid.
611 4226 675 4279 quae
687 4210 796 4263 diximus
808 4210 833 4262 ia
846 4208 1026 4262 dissertatione
1035 4210 1066 4261 de
1078 4206 1150 4260 isitii
1160 4205 1259 4259 iodioiis
1268 4205 1350 4258 isson.

193 4289 228 4341 tt.
241 4287 300 4342 iios,
312 4289 386 4343 iudici
399 4292 478 4346 setrai.
490 4303 555 4348 rest
566 4281 591 4347 uss
603 4311 627 4348 o.
640 4297 779 4364 praeniissa
790 4312 814 4365 p.
824 4295 854 4348 tt
869 4311 924 4364 sqq.

258 4375 306 4442 rs)
323 4375 379 4444 tr,
393 4378 403 4430 r
419 4379 452 4432 er.
464 4378 489 4447 a,
501 4379 527 4434 o.

258 4461 307 4529 tt)
325 4461 363 4518 Gi.
376 4462 477 4519 Miller.
486 4463 547 4520 dor.
561 4464 571 4519 1
582 4482 607 4537 p.
617 4464 676 4522 tto
