2962 4808
133 1457 193 1550 DE
210 1457 408 1553 NYMPHIS
424 1458 487 1551 itt]
504 1455 575 1553 its
590 1454 866 1552 trutannus
881 1456 937 1550 tit
952 1456 1173 1551 tlttttt'stt.

157 1743 276 1827 Dudum
292 1764 351 1828 hoo
365 1773 394 1828 et
409 1785 425 1829 a
440 1764 539 1829 multis
551 1762 726 1845 theogoniae
738 1761 899 1825 iiesiodeae
909 1760 1119 1843 interpretibus
1131 1761 1234 1825 etser-
1255 1778 1273 1828 t

73 1874 172 1928 satum
189 1875 249 1943 est,
265 1866 441 1944 Hesiodum,
455 1869 499 1932 sel
514 1866 649 1950 quisquis
663 1877 708 1930 est
723 1865 773 1948 qui
788 1866 846 1929 hoe
860 1885 978 1930 rarmen
993 1866 1176 1947 eomposuit,
1191 1869 1235 1929 ta-

74 1967 208 2032 imiamm
225 1988 299 2052 quas
315 1981 462 2035 memomt
476 1989 574 2034 veram
590 1970 647 2033 rim
663 1991 696 2034 or
712 1968 955 2050 significationem
971 1969 1069 2050 ipsum
1082 1971 1234 2049 haudqua-

72 2090 159 2151 quam
175 2074 374 2155 perspexisse:
390 2076 469 2157 quod
486 2094 577 2157 quum
594 2074 746 2137 uerissime
760 2073 946 2135 observatum
959 2073 1007 2145 sit,
1022 2072 1125 2135 aoridit
1136 2079 1235 2135 tanuen

74 2192 134 2236 non
151 2176 241 2238 sente!
259 2178 327 2240 uiris
343 2177 533 2252 doctissimis,
553 2186 586 2240 ut
600 2177 689 2239 huius
705 2175 920 2239 observationis
936 2175 1126 2237 immemores
1142 2174 1172 2236 in
1187 2175 1236 2238 iu·

73 2279 260 2358 terpretando
281 2279 318 2342 ita
337 2289 538 2353 uersarentur,
559 2300 594 2342 ao
608 2280 633 2342 si
654 2287 802 2342 constaret
822 2277 1003 2341 suistiiioreru
1022 2277 1171 2357 quioniam
1185 2297 1234 2340 ra·

74 2380 184 2443 tionem
208 2391 294 2464 atque
316 2381 493 2446 intellectum
514 2382 676 2447 tabularum
696 2381 906 2466 compositoris
924 2381 1024 2443 animo
1046 2379 1233 2442 obuersatum

74 2501 140 2544 esse
155 2482 370 2565 oonsiliurnque
384 2483 510 2557 rexisse,
530 2485 676 2566 arieoque,
692 2505 765 2567 quae
780 2485 826 2547 itte
841 2483 977 2547 tremendi
993 2483 1097 2545 entim·
1111 2483 1236 2563 iocisque

73 2585 234 2660 roniunxit,
250 2585 324 2649 haee
338 2587 425 2649 etiam
441 2605 474 2650 re
488 2595 517 2650 et
532 2597 634 2652 natura
650 2607 704 2651 sua
720 2589 876 2652 maionem
888 2607 955 2650 esse
966 2585 1106 2657 arbitrati,
1120 2605 1154 2647 ex
1168 2586 1234 2667 ipse

73 2707 133 2769 quo
153 2687 283 2769 quidque
303 2689 496 2770 positunrest
510 2692 575 2754 ioco
590 2691 678 2754 etiam
694 2689 809 2754 deeius
824 2689 1037 2772 significatione
1052 2688 1237 2751 coniecturas

74 2793 223 2854 ducerent.
255 2790 286 2853 ld
303 2811 393 2873 quum
409 2793 491 2867 aiibi,
511 2802 573 2855 tum
589 2792 619 2854 in
635 2813 671 2854 eo
686 2794 752 2855 iooo
768 2794 876 2856 iactum
892 2802 947 2864 ost,
963 2809 1022 2871 quo
1039 2790 1148 2853 Terrae
1163 2790 1236 2851 snii-

75 2895 135 2955 eies
156 2914 172 2954 e
193 2893 310 2955 castrati
328 2895 405 2956 Coeli
427 2895 569 2975 sanguino
586 2895 711 2958 subnata
731 2895 923 2977 proponitur,
943 2894 1080 2975 Erinyes,
1100 2893 1237 2972 Gigantes

74 2996 280 3076 nymphaeque
294 2994 410 3068 ileliae,
431 3013 519 3075 quam
535 2994 680 3071 subolem,
696 2998 835 3077 quoniam
852 2996 991 3059 nascendi
1007 2996 1097 3059 modo
1112 2996 1237 3058 coniun-

74 3108 148 3159 ctam
168 3096 331 3176 eodemque
351 3096 489 3160 eamrinis
509 3097 575 3161 loco
595 3108 789 3161 memoratam
809 3099 958 3174 ridebant,
978 3098 1065 3161 etiam
1086 3109 1190 3162 natura
1205 3119 1239 3161 ae

75 3199 287 3280 significatione
302 3198 491 3264 coniunctam
507 3221 574 3263 esse
589 3201 696 3263 debere
712 3201 913 3275 erediderunt,
929 3221 1022 3282 eaque
1037 3202 1178 3282 opinione
1194 3202 1239 3263 in·

74 3305 151 3367 ‹itte-ti
174 3303 448 3385 interpretationem
470 3303 555 3365 talem
571 3304 731 3366 commenti
746 3315 831 3379 sunt,
852 3323 939 3385 quam
954 3304 1005 3386 qui
1021 3303 1140 3386 probet,
1160 3304 1241 3366 huno

74 3426 197 3470 necesse
213 3408 252 3468 sit
271 3415 400 3469 statuere
420 3406 574 3487 proprium
594 3406 743 3487 quoddam
759 3416 788 3470 et
803 3427 819 3470 a
835 3407 940 3471 ceteris
955 3407 1082 3481 Graecis,
1097 3416 1238 3488 quantum

74 3510 192 3591 quidem
213 3507 300 3572 nobis
319 3517 506 3590 compertum
529 3517 589 3581 est,
610 3507 697 3590 plane
719 3509 868 3572 diversum
884 3529 977 3592 genus
993 3509 1188 3591 mptimioqiae
1202 3508 1240 3573 ab

75 3614 206 3677 Hesiodo
220 3613 358 3677 tratiitum
370 3632 445 3675 esse.
466 3611 540 3674 Nam
557 3611 698 3694 quoniam
714 3613 890 3677 castratione
904 3612 983 3676 Coeli
998 3614 1057 3676 hoc
1071 3612 1136 3675 sine
1148 3611 1238 3674 dubio

75 3717 263 3797 significatur,
279 3715 518 3797 generationibus
533 3715 598 3778 eius
612 3714 771 3797 aliquando
786 3718 875 3779 sineru
891 3715 1077 3797 impositum,
1094 3733 1238 3799 generan-

75 3821 162 3900 dique
179 3820 307 3883 officium
323 3820 464 3902 deinoeps
480 3839 496 3882 a
511 3827 632 3900 parente
646 3819 682 3881 ad
698 3819 793 3900 ipsam
809 3838 909 3882 rerum
925 3827 1090 3881 creatarum
1102 3830 1238 3882 naturam

29 3986 32 3991 ,
75 3923 246 3985 translatum
267 3942 347 3993 esse,
368 3922 438 3985 irino
455 3921 542 3984 otiam
563 3920 696 3983 subolem
716 3940 733 3983 o
754 3920 832 3983 Coeli
851 3921 994 4001 sanguine
1014 3931 1112 3983 natam
1132 3921 1238 3983 eodem
1258 3935 1276 3985 4

75 4025 221 4106 pertinere
236 4025 406 4097 voluerunt,
428 4024 607 4104 Erinyesque
621 4022 795 4096 diuturinas,
809 4022 946 4103 Gigantes
962 4022 1122 4096 Genitales,
1138 4022 1239 4085 ilelias

73 4136 173 4208 autem
188 4126 337 4192 Cicurinus
357 4123 551 4208 interpretati,
572 4123 700 4205 triplices
719 4133 841 4186 naturae
860 4123 937 4186 vires
957 4123 1114 4206 significari
1128 4135 1239 4188 statue·

74 4241 157 4306 runt,
172 4231 280 4313 quibus
295 4232 467 4304 ediceretur,
482 4238 516 4291 ut
530 4231 606 4291 tetus
620 4226 778 4289 ederentur
792 4244 855 4289 non
868 4226 1039 4309 imperfecti,
1053 4229 1107 4293 sed
1121 4227 1239 4301 maturi,

76 4352 170 4415 neque
181 4333 306 4412 steriles,
318 4333 371 4396 sed
383 4331 509 4405 semodi,
524 4348 621 4412 neque
631 4337 803 4394 aversantes
814 4348 848 4393 so
858 4328 992 4407 invicem,
1006 4331 1061 4395 sod
1071 4330 1240 4396 sociabilem
