2962 4808
797 347 839 411 50

716 436 920 447 -—-....----

233 539 285 602 elea
300 535 425 601 iustitiae
440 534 576 615 conlegis
590 544 725 596 aeternae
740 543 826 617 atque
841 534 1048 610 irnnautalrilis,
1068 557 1125 620 qua
1145 557 1245 602 retum
1263 537 1398 602 omnium

235 654 368 708 naturam
388 639 497 724 pariter
515 659 550 703 ae
569 636 654 702 uitam
676 638 830 703 irrrruinum
852 639 912 721 regi
933 649 1058 724 ‹rprrrrtet
1094 642 1187 707 liuius
1204 643 1275 724 legis
1295 641 1401 707 uirtute

234 767 326 830 quum
351 755 519 828 temporum
539 741 691 805 varietates
712 741 845 825 ceolique
869 743 1047 810 rrruurtiones
1067 760 1148 813 recto
1169 749 1274 815 enline
1293 767 1402 813 corase·

234 852 404 934 nientcrque
423 859 452 913 et
471 847 660 912 concorditer
679 848 856 930 procellunt,
880 857 942 911 tum
968 849 997 912 in
1022 853 1179 918 hominum
1199 855 1337 919 societate
1358 852 1402 917 ins

235 960 336 1039 ianque
355 966 386 1019 et
406 953 562 1019 conennlia
578 953 688 1034 rigent,
709 953 737 1016 iel
758 953 838 1036 quon
859 953 1040 1036 signiticatur
1058 958 1165 1024 lieris
1187 959 1280 1023 tribus
1300 979 1316 1021 a
1335 958 1404 1022 lore

181 1070 217 1124 22
238 1082 272 1124 ex
288 1061 430 1125 Themide
446 1058 615 1143 procreatis,
635 1047 791 1144 Eiropip,
808 1051 908 1147 disp,
929 1052 1062 1148 Εἰρήνῃ.
1079 1099 1121 1110 -
1137 1063 1239 1145 Neque
1254 1065 1353 1128 miuus
1368 1084 1402 1126 ox

234 1167 289 1229 lrac
302 1166 365 1246 iege
380 1163 550 1227 hominibus
571 1181 625 1224 sua
640 1161 743 1242 cuique
759 1182 826 1225 sors
843 1163 982 1245 obtingit,
1004 1167 1082 1228 umle
1097 1168 1229 1252 Μοῖραι
1245 1188 1363 1250 quoque
1377 1188 1401 1232 s.

235 1272 363 1335 Parcae
383 1268 460 1331 loris
475 1287 510 1330 ex
530 1266 635 1328 eadem
656 1265 799 1328 Tlaemirle
819 1267 893 1329 tiliae
915 1269 1065 1332 dicuntur:
1090 1291 1269 1353 quamquam
1289 1273 1350 1346 alii,
1374 1283 1403 1335 et

235 1373 299 1455 ipsa
318 1392 436 1455 quoque
453 1368 610 1450 theogonia
630 1368 686 1430 alie
707 1369 787 1444 loce,
814 1389 838 1431 v.
859 1371 921 1431 217
943 1391 1000 1452 sq,
1025 1374 1110 1438 aliarn
1131 1375 1231 1439 Parcis
1251 1375 1404 1456 originem,

239 1475 306 1539 lore
321 1474 482 1556 ceterisque
496 1472 552 1536 niis
566 1470 775 1552 antiquiorem,
794 1492 828 1534 ex
844 1472 937 1535 Nocte
952 1484 981 1536 et
995 1475 1091 1541 Erebo
1107 1479 1306 1559 assignarunt.
1336 1480 1402 1543 Sci·

235 1577 301 1641 licet
320 1578 406 1640 etiam
426 1577 465 1639 tit
487 1584 620 1638 aeternae
640 1576 768 1638 latorum
789 1576 843 1655 legi
860 1574 980 1638 olrnorii
995 1591 1081 1652 sunt,
1103 1582 1187 1644 cuius
1203 1582 1274 1662 legis
1290 1593 1401 1658 ortum,

236 1681 375 1762 quoniam
395 1681 425 1743 in
445 1679 573 1742 obscuro
592 1687 639 1741 est
659 1678 791 1760 ipsisque
806 1680 909 1742 rnunrli
930 1679 1100 1763 primordiis
1115 1684 1259 1764 aequalis,
1278 1704 1339 1747 non
1356 1685 1402 1749 in·

235 1796 302 1869 epte
319 1786 356 1849 ael
372 1785 510 1857 Noctem,
525 1782 624 1844 Chaus
638 1781 743 1844 vetusti
760 1782 862 1856 tiliam,
882 1784 1057 1846 referebant.
1068 1786 1218 1850 —Tertia
1235 1788 1311 1851 lovis
1326 1807 1402 1851 uxor

236 1889 439 1972 Eurynome
453 1894 512 1961 est,
532 1905 565 1948 ex
587 1885 752 1966 antiquiore
768 1886 895 1967 quadarn
911 1887 1068 1967 theogonia
1083 1889 1187 1963 ascita,
1208 1901 1237 1952 et
1253 1892 1401 1972 significa·

237 1991 316 2055 tione
327 2008 388 2053 non
400 1989 471 2053 satis
483 1997 569 2062 certa,
581 1987 632 2050 secl
645 1988 691 2050 cui
704 1989 788 2051 loeus
800 1989 830 2052 in
844 1992 898 2053 irae
908 2010 1034 2054 uxomm
1047 1992 1267 2054 enumeratione
1279 2004 1402 2075 propter

236 2096 309 2158 filias
322 2093 456 2172 denegari
467 2109 528 2154 non
541 2100 663 2172 poterat.
692 2090 766 2153 Nam
781 2093 851 2156 Gra
860 2093 928 2155 tias
941 2093 1000 2156 lori
1013 2093 1134 2175 peperit,
1148 2113 1230 2174 (puae,
1242 2096 1318 2159 sicut
1329 2097 1402 2159 Par-

236 2219 286 2262 cae
296 2207 417 2270 sortem,
426 2195 520 2258 llorae
529 2203 625 2256 autem
638 2193 787 2272 iustitiam,
799 2197 981 2277 aequitatem,
994 2196 1191 2268 concordiam,
1202 2197 1244 2259 sic
1254 2199 1306 2259 irae
1316 2199 1402 2280 quid·

236 2303 305 2385 quiri
322 2300 482 2364 iucundum
495 2307 523 2360 et
535 2298 704 2361 delectabile
715 2307 760 2361 est
775 2299 929 2363 lrorrriuum
942 2301 1014 2363 ritae
1026 2301 1401 2382 dispensant—Sequun-

236 2415 283 2468 tur
292 2424 366 2486 quae
375 2411 425 2466 aut
437 2402 572 2465 alimenta
583 2401 760 2482 corporibus
772 2413 931 2482 procurant
942 2405 1058 2484 letigum
1070 2413 1277 2485 proventuum
1287 2405 1402 2469 animus

235 2527 333 2572 rerum
346 2505 513 2588 cognitione
524 2514 553 2568 et
564 2504 684 2566 scientia
697 2503 855 2580 instruunt,
867 2506 973 2568 Ceres
986 2516 1015 2569 et
1026 2507 1265 2588 Mnemosyne,
1277 2526 1401 2588 quarum

235 2613 322 2675 altera
337 2608 608 2691 Proserpinam,
629 2607 716 2668 altera
733 2608 850 2670 Musas
867 2608 1012 2689 pariter).
1028 2644 1070 2655 —
1086 2610 1172 2671 Sexta
1192 2609 1327 2674 Latona
1347 2620 1403 2685 est,

235 2726 330 2778 uiator
339 2712 519 2796 Apollinis
531 2721 559 2773 et
570 2710 715 2784 Dianae,
727 2729 855 2791 quorum
869 2713 911 2773 ris
923 2722 952 2773 et
962 2722 1066 2776 natura
1079 2713 1177 2775 minus
1187 2723 1296 2776 certam
1308 2735 1342 2777 ac
1351 2715 1403 2777 cie·

234 2818 345 2881 finitam
360 2815 448 2880 habet
461 2815 498 2877 acl
511 2823 605 2877 certas
621 2812 763 2894 quasdam
779 2815 970 2877 necessitates
981 2815 1055 2879 vitae
1066 2817 1211 2879 humanae
1226 2816 1403 2894 relationem,

235 2938 322 3000 quam
337 2919 376 2982 eir
392 2937 510 2981 causam
526 2935 620 2996 neque
635 2915 732 2996 priano
748 2915 824 2991 loco,
838 2927 905 2980 ante
921 2918 1109 2997 Tlremirlem,
1125 2919 1288 2995 numerari,
1307 2939 1403 3002 neque

235 3022 329 3085 media
340 3021 444 3085 ceteris
456 3018 602 3099 interponi
615 3018 724 3080 Latona
736 3028 802 3097 apte
814 3030 939 3100 poterat,
952 3023 1003 3084 secl
1016 3023 1138 3085 ‹lebebat
1150 3031 1219 3105 post
1231 3023 1284 3085 has
1297 3041 1402 3087 onmes

234 3135 263 3187 et
277 3125 411 3207 proxime
425 3131 492 3186 ante
504 3121 646 3183 iunonem
662 3120 807 3182 collocari.
834 3123 876 3184 lle
890 3123 1039 3187 lunonis
1054 3134 1151 3188 autem
1164 3145 1198 3188 ex
1210 3125 1277 3189 love
1292 3125 1401 3202 liberis,

236 3226 329 3290 llebe
348 3246 372 3289 s.
389 3228 550 3297 lurenta,
570 3221 728 3302 ilithyia,
746 3222 870 3298 Marte,
889 3226 982 3307 deque
998 3228 1168 3300 Vulcano,
1184 3247 1271 3308 quem
1288 3227 1352 3307 ipsa
1367 3249 1402 3292 ex

236 3351 302 3392 sese
315 3329 424 3410 absque
439 3325 517 3387 loris
532 3323 667 3404 amplexu
681 3342 853 3404 procreasse
866 3325 981 3402 dicitnr,
996 3347 1058 3390 non
1074 3349 1150 3410 opus
1165 3339 1211 3391 est
1221 3348 1302 3391 nuuc
1313 3349 1400 3394 accu-

235 3434 324 3494 ratius
339 3427 500 3512 disputari,
516 3426 567 3488 secl
583 3425 741 3487 ridentium
758 3430 975 3501 tantrrmmocie,
990 3441 1133 3513 quatenus
1149 3451 1216 3496 cum
1232 3432 1278 3494 lais
1297 3432 1400 3496 sabulis

235 3533 354 3598 llomeri
370 3529 527 3612 theogonia
541 3537 591 3592 aut
605 3528 756 3610 conspiret
770 3541 820 3593 aut
836 3532 990 3617 discrepet

318 3639 358 3699 lic
372 3634 502 3717 primum
516 3632 633 3713 quidem
648 3631 762 3694 ttetitts
777 3634 887 3696 nullam
902 3637 938 3699 ab
950 3637 1080 3702 Homero
1096 3640 1278 3700 mentionem
1295 3639 1399 3700 laetam

133 3749 140 3764 ⁴
236 3729 376 3800 sitiemus.
402 3740 559 3801 ilinervam
574 3735 653 3797 enim
669 3735 801 3814 quamvis
817 3737 905 3799 tiliam
918 3738 995 3802 ioris
1007 3740 1182 3822 saepissime
1197 3741 1283 3813 tlicat,
1301 3750 1398 3802 tamen

234 3857 288 3901 nec
301 3851 423 3902 matrem
437 3840 500 3901 eins
514 3857 638 3919 usquam
655 3837 797 3911 nominat,
813 3858 941 3921 necque
958 3843 1048 3906 medo
1061 3853 1127 3904 nata
1144 3842 1182 3904 sit
1197 3842 1350 3922 significat,
1365 3852 1399 3905 ut

235 3941 360 4004 dubitari
372 3941 476 4022 possit,
490 3940 641 4004 ueneritne
652 3947 682 4002 ct
693 3939 860 4020 probaverit
872 3943 998 4007 fabulam
1012 3945 1098 4019 illam,
1114 3963 1189 4026 quae
1200 3944 1278 4024 aliud
1290 3943 1397 4008 liesio·

235 4044 306 4107 ilum
320 4045 432 4125 legitur,
447 4063 484 4107 an
499 4043 580 4106 aliter
593 4042 733 4106 statuerit
760 4044 835 4107 Nam
848 4045 928 4127 quocl
940 4047 1121 4127 grammatici
1137 4047 1255 4129 quidam
1275 4048 1397 4131 Tptro·

235 4139 361 4229 plectae
375 4147 599 4227 interpretantur
609 4164 648 4207 ex
660 4146 774 4226 eapite
788 4156 921 4225 natam,
937 4151 1047 4214 uirilius
1059 4149 1095 4214 ad
1107 4150 1184 4214 lianc
1194 4148 1396 4233 quaestionem

253 4253 345 4344 ‘'tis)
357 4254 449 4333 inm
461 4252 616 4350 qriprtmn
628 4285 736 4339 enatura
745 4284 865 4342 Cerere·
874 4287 928 4342 levi
939 4291 1057 4359 nupsisse
1069 4290 1192 4358 elicerent,
1204 4289 1312 4344 Serrlm
1321 4292 1398 4345 taut

233 4369 265 4420 ecl
277 4365 355 4432 ναῖς.
368 4366 461 4432 (icorg.
474 4365 515 4436 tv,
527 4368 568 4421 ts.
