2962 4808
168 837 250 881 suam
276 816 435 898 antiquitus
455 811 614 899 μακάρων
636 813 753 904 νήσους
780 819 891 882 dictum
906 819 1005 902 ibique
1024 821 1122 886 iorem
1143 832 1245 888 natum
1265 843 1332 889 csso

167 919 337 984 asserelmnt
350 918 457 982 veteris
472 918 674 1001 inscriptionis
689 922 870 995 testimonio,

268 1011 339 1083 αἵδ’
361 1011 446 1085 εἰσὶν
466 1016 624 1103 μακάρων
645 1019 750 1109 νῆσοι,
772 1018 857 1089 τόθι
879 1010 942 1108 πὲρ
963 1021 1023 1090 τὸν
1044 1018 1182 1113 ἄριστον

267 1121 359 1209 Ζῆνα
381 1120 472 1188 θεῶν
493 1121 642 1210 βασιλῆα
660 1117 730 1213 ‘Ps'p
751 1119 826 1190 τέκε
847 1119 934 1212 τῷδ’
956 1121 1006 1192 ἐνὶ
1026 1123 1202 1216 χώρου).

166 1227 267 1309 itnque
281 1225 367 1288 etiam
380 1226 477 1288 iocum
490 1227 637 1306 quendam
650 1226 690 1290 ini
703 1230 794 1292 inisse
810 1230 933 1311 legimus
946 1226 1033 1307 Διὸς
1044 1227 1143 1314 γονάς
1154 1235 1283 1298 dictum²
1291 1237 1333 1314 1),

166 1340 196 1393 ot
210 1328 413 1412 Lycophronis
429 1329 592 1392 Cassandra
606 1349 633 1393 u.
650 1331 730 1394 1191
742 1332 858 1396 Thebas
873 1326 1047 1415 μενεθλίαν
1061 1328 1183 1414 πλάκα,
1199 1336 1229 1399 ir.
1237 1355 1266 1399 o.
1277 1354 1332 1400 un·

167 1434 222 1497 taie
237 1434 334 1497 seium
349 1432 426 1496 ioris
442 1442 601 1515 nuncupat
631 1434 763 1518 lienique
778 1437 1001 1500 Chaeronenses
1014 1435 1043 1498 in
1059 1454 1116 1499 suo
1131 1456 1217 1518 agro,
1233 1438 1259 1501 si
1274 1439 1332 1502 mi·

166 1557 223 1601 nus
235 1537 333 1599 iorem
346 1546 456 1611 natum,
467 1545 497 1600 at
508 1548 586 1601 certe
598 1538 726 1621 lapidem
740 1540 868 1603 Saturno
879 1560 895 1603 a
908 1539 988 1603 Rhea
1000 1549 1171 1622 porrectum
1183 1558 1250 1603 esse
1261 1558 1332 1604 nar·

166 1641 339 1717 mianum).
360 1674 402 1686 -
417 1639 475 1702 Sed
491 1639 708 1719 insomnium,
728 1652 758 1706 et
777 1643 803 1705 si
823 1643 873 1725 qui
889 1645 964 1705 sorte
978 1642 1025 1706 aiii
1047 1643 1078 1707 in
1093 1641 1211 1706 Graecia
1226 1642 1332 1706 similia

119 1750 150 1802 ¹⁰
167 1743 325 1818 iuuabunt,
347 1742 447 1806 Asiani
473 1743 575 1823 populi
600 1745 841 1821 adversabantur,
865 1746 972 1827 Lydiae
990 1745 1116 1809 maxime
1136 1753 1165 1808 et
1183 1744 1291 1828 Mysiae
1306 1765 1331 1809 s.

167 1846 310 1929 Phrygiae
323 1845 448 1908 minoris
464 1845 584 1908 incolae.
615 1848 658 1911 dc
671 1849 708 1910 de
723 1847 812 1931 Lydia
828 1858 930 1912 testem
946 1849 1088 1912 habemus
1102 1848 1242 1912 loannem
1253 1848 1331 1912 Lau·

167 1950 316 2014 rentium³
329 1953 365 2025 ¹),
381 1948 479 2029 ipsum
495 1946 612 2011 aratione
627 1949 750 2031 Lydum,
765 1950 814 2032 qui
830 1969 882 2013 sua
898 1951 994 2014 adime
1005 1961 1105 2025 aetate,
1119 1951 1149 2013 ir.
1161 1971 1185 2013 α
1201 1959 1286 2014 sexto
1301 1969 1332 2032 p.

168 2052 236 2114 Chr.
252 2049 384 2124 merulo,
403 2050 483 2132 apud
495 2050 604 2112 Sardes
617 2051 646 2112 in
662 2061 763 2114 monto
777 2051 884 2114 Tmolo
900 2053 997 2115 locum
1013 2072 1078 2116 esse
1093 2052 1172 2126 dicit,
1189 2052 1259 2116 oiim
1275 2072 1332 2135 μο-

167 2149 226 2228 νάς
246 2149 334 2229 Διὸς
352 2143 477 2228 sicsine,
491 2172 561 2214 mox
577 2164 717 2235 corrupto
733 2155 854 2217 nomine
869 2148 1014 2218 Διναίου
1029 2155 1218 2237 appeliatum.
1250 2154 1331 2218 idem

168 2255 331 2327 Eumelum,
347 2273 439 2318 unum
455 2255 492 2317 de
505 2254 718 2337 antiquioribus
733 2257 839 2339 poetis,
854 2256 986 2339 inLydia
996 2257 1095 2320 iovem
1105 2267 1210 2320 natum
1222 2256 1332 2320 dixisse

167 2368 327 2432 memorat,
348 2377 382 2420 ac
396 2357 568 2420 recentioris
584 2358 735 2423 cniusdam
751 2369 869 2441 poetae,
884 2359 1062 2436 transuenti,
1078 2360 1224 2441 hodieque
1239 2359 1332 2423 versi·

167 2461 223 2523 cuii
237 2469 336 2524 exunt
345 2465 357 2504 ³
366 2463 408 2535 2),
424 2460 532 2541 quibus
546 2460 610 2542 ipsa
626 2460 838 2525 Sardianomm
852 2461 926 2525 urbs
941 2461 977 2525 do
991 2482 1025 2526 se
1038 2462 1188 2545 gloriatur,

273 2557 399 2646 Τμώλῳ
422 2552 483 2625 irc’
505 2553 705 2643 ἀνθεμόεντι
726 2559 805 2649 ῥοὴν
825 2560 919 2646 νεαροὶ
939 2558 1096 2643 Μαίονος
1106 2558 1231 2650 Ἕρμου

355 2658 498 2748 Σάρδιες
519 2656 538 2751 ἡ
562 2662 689 2728 Λυδῶν
709 2657 824 2748 ἔξοχος
845 2658 916 2748 εἶμι
937 2663 1048 2745 πόλις.

268 2762 410 2852 Μάρτυς
431 2762 496 2850 ἐγώ
519 2759 636 2853 πρώτα)
659 2762 799 2855 γενόμην
820 2764 921 2846 Διός·
944 2762 982 2834 οὐ
1004 2765 1065 2856 γὰρ
1086 2763 1231 2854 ἐλέγχειν
1330 2783 1332 2786 ⁴

353 2865 519 2954 Λάθριον
539 2857 597 2934 υἷα
614 2863 710 2957 Ῥέης
731 2861 854 2959 ἤθελον
875 2863 1044 2960 ἡμετέρης.

166 2975 295 3039 Finitimi
307 2974 456 3038 Sardianis
469 2973 620 3057 Smyrnaei
633 2984 713 3049 sunt,
725 2974 755 3038 in
767 2993 895 3056 quorum
909 2975 1030 3056 antiqua
1040 2974 1216 3057 gloriaioris
1227 2987 1331 3060 partus

167 3080 363 3159 Curetumque
378 3078 491 3142 saltatio
507 3076 542 3141 ab
558 3076 686 3142 Aristide
700 3083 964 3156 numerantur22).
994 3079 1031 3141 Et
1044 3078 1081 3141 ad
1097 3079 1243 3162 Sipylum,
1257 3100 1329 3163 pro·

166 3182 310 3263 pinquum
326 3183 467 3262 Smyrnae
482 3191 630 3254 montem,
652 3182 764 3244 {theam
779 3200 847 3244 eum
863 3180 976 3243 filiabus
991 3181 1102 3262 fugisse
1117 3183 1235 3246 Saturni
1250 3193 1330 3247 metu

167 3285 224 3348 iam
239 3302 327 3366 supra
342 3283 478 3346 vidimus.
507 3283 541 3346 Ιο
555 3283 645 3366 Mysia
661 3293 759 3347 autem
775 3282 895 3365 Scepsis
911 3282 1070 3366 oppidum,
1084 3284 1121 3347 ad
1135 3284 1204 3349 ldae
1218 3287 1330 3350 montis

168 3525 227 3575 totis
240 3540 336 3591 quoque
350 3521 500 3574 incunabula
512 3521 580 3574 ioris
592 3523 794 3587 vindicarentur,
812 3528 917 3589 propter
933 3520 1021 3573 urben
1037 3536 1125 3575 corum
1137 3525 1259 3590 Olenon,
1275 3533 1330 3576 ute

167 3611 243 3661 Statii
255 3611 372 3661 uersibus
384 3608 462 3660 Their.
476 3609 519 3672 Ν,
535 3609 580 3660 101
594 3609 758 3677 Spsnhemins
771 3608 919 3660 observavit
929 3608 960 3659 ad
973 3606 1071 3659 Critian
1084 3610 1108 3660 ir.
1122 3609 1147 3660 iu
1159 3607 1282 3662 1ον.ν.3.
1294 3635 1330 3647 -

167 3695 252 3760 Aegae
269 3704 343 3747 crant
359 3695 433 3747 etiam
447 3696 470 3746 in
484 3693 585 3760 Cilicia,
603 3695 626 3746 in
644 3695 716 3746 euius
730 3693 800 3745 urbis
818 3694 924 3745 summis
939 3702 985 3746 aut
996 3709 1071 3762 capra
1089 3708 1212 3763 expressa
1229 3701 1271 3747 cst
1286 3701 1331 3746 ut

168 3781 257 3832 mulier
274 3788 359 3845 stans,
378 3782 469 3833 dextra
481 3796 573 3848 cornu,
589 3780 693 3832 sinistra
710 3779 842 3848 puerulum
858 3779 957 3845 fenus,
976 3795 1048 3846 quarn
1060 3779 1196 3832 Bekieiias
1208 3779 1239 3831 1).
1252 3777 1285 3832 Ν.
1297 3776 1329 3831 ΙΙΙ
1378 3783 1381 3788 “

168 3867 232 3933 pii
246 3868 400 3919 Amaltheam
412 3865 479 3918 iovis
497 3866 619 3918 nutricem
633 3883 692 3919 csse
710 3873 790 3934 putat.
814 3865 909 3919 Tunes
925 3865 982 3917 iias
999 3881 1048 3917 sorr
1061 3866 1237 3934 consequitur,
1254 3864 1330 3918 etia·

168 3951 299 4017 depensos
310 3981 341 3991 -
356 3954 394 4004 sic
406 3952 472 4004 enin
483 3953 639 4005 ambiatur
649 3981 685 3992 -
697 3960 781 4004 saturn
793 3952 859 4020 apud
871 3969 900 4004 se
913 3949 998 4004 loven
1009 3951 1111 4005 dixisse.

237 4038 279 4102 28)
297 4038 386 4091 Τιαῑι.
407 4040 447 4090 ad.
468 4039 593 4107 Lycopirr.
611 4055 636 4090 v.
655 4039 728 4090 1131.
762 4037 800 4089 Ci.
819 4037 1025 4102 ramnum,
1043 4037 1203 4107 Topograph.
1220 4035 1329 4090 Tucim.

171 4125 269 4189 (Propr.
283 4123 333 4178 iiii.
349 4127 423 4191 1831)
434 4143 458 4195 p.
467 4127 490 4193 8,
503 4127 544 4194 qui
555 4127 773 4178 hirsutorum
786 4124 909 4177 insulas
921 4140 947 4177 ν.
959 4125 1055 4177 restim
1067 4123 1212 4192 pethaim
1223 4120 1330 4185 lum,

169 4210 286 4279 Strophio
299 4219 326 4262 et
338 4210 412 4263 Dirce
424 4212 514 4264 rivulis
525 4211 629 4265 effectas
641 4227 701 4265 csso
712 4211 794 4265 uocet

237 4298 280 4362 33)
293 4298 377 4351 Senot
390 4298 460 4351 Hom.
472 4297 501 4352 li.
511 4297 579 4364 xm,
593 4299 616 4352 1.

237 4383 280 4449 30)
293 4382 399 4435 Paussu.
411 4382 456 4448 ΙΧ,
469 4384 512 4450 21,
523 4383 549 4437 3.

237 4469 279 4534 31)
292 4470 328 4521 lie
341 4469 466 4521 mensus
477 4467 520 4534 IV,
530 4469 563 4521 13
575 4470 642 4538 pta
654 4470 732 4523 Βναι.

236 4556 279 4617 31)
291 4554 319 4608 iu
331 4555 465 4620 Asihoioss.
478 4553 559 4608 ratas
570 4554 615 4620 111,
627 4555 686 4609 615.
710 4555 819 4609 Branek.
831 4556 906 4609 ΑιιΙ.
918 4552 952 4607 ΠΙ
963 4571 989 4624 p.
1001 4554 1058 4607 120.

236 4641 279 4709 33)
292 4642 365 4695 orat.
376 4638 452 4694 xxn
462 4655 487 4708 p.
495 4638 547 4692 tro
558 4639 643 4695 Disdi.
655 4640 689 4695 ei.
701 4658 741 4696 or.
752 4640 815 4696 XIV
826 4659 851 4712 p.
861 4641 921 4696 ³⁷2
