<?xml version="1.0" encoding="UTF-8"?>
<!DOCTYPE html PUBLIC "-//W3C//DTD XHTML 1.0 Transitional//EN"
    "http://www.w3.org/TR/xhtml1/DTD/xhtml1-transitional.dtd">
<html xmlns="http://www.w3.org/1999/xhtml" xml:lang="en" lang="en">
 <head>
  <title>
</title>
<meta http-equiv="Content-Type" content="text/html;charset=utf-8" />
  <meta name='ocr-system' content='tesseract 3.04.00' />
  <meta name='ocr-capabilities' content='ocr_page ocr_carea ocr_par ocr_line ocrx_word'/>
</head>
<body>
  <div class='ocr_page' id='page_1' title='image "./opusculaacademi03schgoog_0198.png"; bbox 0 0 2962 4808; ppageno 0'>
   <div class='ocr_carea' id='block_1_1' title="bbox 615 502 816 603">
    <p class='ocr_par' dir='ltr' id='par_1_1' title="bbox 615 502 816 603">
     <span class='ocr_line' id='line_1_1' title="bbox 615 502 816 603; baseline 0.01 -3"><span class='ocrx_word' id='word_1_1' title='bbox 615 502 816 603; x_wconf 63' lang='lat' dir='ltr'>..„.¹.i.{’...-</span> 
     </span>
    </p>
   </div>
   <div class='ocr_carea' id='block_1_2' title="bbox 86 684 1356 3457">
    <p class='ocr_par' dir='ltr' id='par_1_2' title="bbox 88 684 1356 2836">
     <span class='ocr_line' id='line_1_2' title="bbox 136 684 1298 783; baseline -0.004 -29"><span class='ocrx_word' id='word_1_2' title='bbox 136 690 304 755; x_wconf 85' lang='lat' dir='ltr'>conieceris.</span> <span class='ocrx_word' id='word_1_3' title='bbox 316 725 359 739; x_wconf 91' lang='lat'><em>-</em></span> <span class='ocrx_word' id='word_1_4' title='bbox 381 684 551 777; x_wconf 73' lang='grc' dir='ltr'><strong><em>Φόρκυνος</em></strong></span> <span class='ocrx_word' id='word_1_5' title='bbox 572 684 774 783; x_wconf 70' lang='grc' dir='ltr'><em>ὁρμητήριον</em></span> <span class='ocrx_word' id='word_1_6' title='bbox 794 693 873 777; x_wconf 88' lang='lat' dir='ltr'>apud</span> <span class='ocrx_word' id='word_1_7' title='bbox 887 690 1115 775; x_wconf 74' lang='lat' dir='ltr'>bp&#39;copbronem</span> <span class='ocrx_word' id='word_1_8' title='bbox 1129 705 1156 749; x_wconf 82' lang='lat' dir='ltr'>r.</span> <span class='ocrx_word' id='word_1_9' title='bbox 1170 685 1235 750; x_wconf 80' lang='grc'>376</span> <span class='ocrx_word' id='word_1_10' title='bbox 1251 684 1298 749; x_wconf 90' lang='lat' dir='ltr'>di·</span> 
     </span>
     <span class='ocr_line' id='line_1_3' title="bbox 136 788 1298 879; baseline -0.006 -22"><span class='ocrx_word' id='word_1_11' title='bbox 136 795 213 858; x_wconf 87' lang='lat' dir='ltr'>citur</span> <span class='ocrx_word' id='word_1_12' title='bbox 226 794 264 858; x_wconf 88' lang='lat' dir='ltr'>do</span> <span class='ocrx_word' id='word_1_13' title='bbox 278 795 352 858; x_wconf 87' lang='lat' dir='ltr'>mari</span> <span class='ocrx_word' id='word_1_14' title='bbox 367 815 461 879; x_wconf 80' lang='lat' dir='ltr'><strong>prope</strong></span> <span class='ocrx_word' id='word_1_15' title='bbox 475 795 639 873; x_wconf 77' lang='lat' dir='ltr'>Euboeam,</span> <span class='ocrx_word' id='word_1_16' title='bbox 654 798 733 862; x_wconf 90' lang='lat' dir='ltr'>unde</span> <span class='ocrx_word' id='word_1_17' title='bbox 746 799 835 862; x_wconf 85' lang='lat' dir='ltr'>etiam</span> <span class='ocrx_word' id='word_1_18' title='bbox 847 798 877 862; x_wconf 92' lang='lat' dir='ltr'>in</span> <span class='ocrx_word' id='word_1_19' title='bbox 892 797 947 860; x_wconf 92' lang='lat' dir='ltr'>bac</span> <span class='ocrx_word' id='word_1_20' title='bbox 960 793 1055 858; x_wconf 89' lang='lat' dir='ltr'>insula</span> <span class='ocrx_word' id='word_1_21' title='bbox 1069 791 1133 854; x_wconf 89' lang='lat' dir='ltr'>eins</span> <span class='ocrx_word' id='word_1_22' title='bbox 1148 788 1195 852; x_wconf 87' lang='lat' dir='ltr'>dei</span> <span class='ocrx_word' id='word_1_23' title='bbox 1211 790 1298 852; x_wconf 83' lang='lat' dir='ltr'>sedes</span> 
     </span>
     <span class='ocr_line' id='line_1_4' title="bbox 137 893 1298 984; baseline -0.006 -22"><span class='ocrx_word' id='word_1_24' title='bbox 137 899 228 962; x_wconf 86' lang='lat' dir='ltr'>luisse</span> <span class='ocrx_word' id='word_1_25' title='bbox 243 897 333 962; x_wconf 87' lang='lat' dir='ltr'>rideri</span> <span class='ocrx_word' id='word_1_26' title='bbox 347 899 457 982; x_wconf 88' lang='lat' dir='ltr'>possit:</span> <span class='ocrx_word' id='word_1_27' title='bbox 473 919 649 983; x_wconf 83' lang='lat' dir='ltr'>quamquam</span> <span class='ocrx_word' id='word_1_28' title='bbox 661 912 744 967; x_wconf 81' lang='lat' dir='ltr'>sotus</span> <span class='ocrx_word' id='word_1_29' title='bbox 760 903 904 984; x_wconf 76' lang='lat' dir='ltr'>interpres</span> <span class='ocrx_word' id='word_1_30' title='bbox 916 897 984 962; x_wconf 91' lang='lat' dir='ltr'>illod</span> <span class='ocrx_word' id='word_1_31' title='bbox 1000 898 1037 961; x_wconf 91' lang='lat' dir='ltr'>de</span> <span class='ocrx_word' id='word_1_32' title='bbox 1053 894 1125 959; x_wconf 94' lang='lat' dir='ltr'>mari</span> <span class='ocrx_word' id='word_1_33' title='bbox 1136 894 1167 957; x_wconf 91' lang='lat' dir='ltr'>in</span> <span class='ocrx_word' id='word_1_34' title='bbox 1177 893 1298 956; x_wconf 86' lang='lat' dir='ltr'>unirer·</span> 
     </span>
     <span class='ocr_line' id='line_1_5' title="bbox 136 997 1299 1085; baseline -0.003 -21"><span class='ocrx_word' id='word_1_35' title='bbox 136 1020 204 1066; x_wconf 82' lang='lat' dir='ltr'>sunt</span> <span class='ocrx_word' id='word_1_36' title='bbox 218 1002 330 1065; x_wconf 91' lang='lat' dir='ltr'>dictum</span> <span class='ocrx_word' id='word_1_37' title='bbox 345 1022 410 1066; x_wconf 87' lang='lat' dir='ltr'>esse</span> <span class='ocrx_word' id='word_1_38' title='bbox 425 1004 523 1078; x_wconf 86' lang='lat' dir='ltr'>credit,</span> <span class='ocrx_word' id='word_1_39' title='bbox 538 1006 787 1085; x_wconf 77' lang='lat' dir='ltr'>‹puomadmodnm</span> <span class='ocrx_word' id='word_1_40' title='bbox 804 1007 834 1068; x_wconf 92' lang='lat' dir='ltr'>in</span> <span class='ocrx_word' id='word_1_41' title='bbox 851 1003 1006 1067; x_wconf 70' lang='lat' dir='ltr'>Phanuelis</span> <span class='ocrx_word' id='word_1_42' title='bbox 1021 1000 1110 1081; x_wconf 82' lang='lat' dir='ltr'>elegia</span> <span class='ocrx_word' id='word_1_43' title='bbox 1125 997 1299 1060; x_wconf 68' lang='lat' dir='ltr'>ultimate</span> 
     </span>
     <span class='ocr_line' id='line_1_6' title="bbox 137 1099 1297 1190; baseline -0.003 -23"><span class='ocrx_word' id='word_1_44' title='bbox 137 1124 255 1168; x_wconf 84' lang='lat' dir='ltr'>saevum</span> <span class='ocrx_word' id='word_1_45' title='bbox 267 1105 372 1169; x_wconf 88' lang='lat' dir='ltr'>dicitur</span> <span class='ocrx_word' id='word_1_46' title='bbox 382 1099 513 1190; x_wconf 78' lang='grc' dir='ltr'><em>Φόρκου</em></span> <span class='ocrx_word' id='word_1_47' title='bbox 523 1104 657 1190; x_wconf 74' lang='grc' dir='ltr'>στυγνὸν</span> <span class='ocrx_word' id='word_1_48' title='bbox 667 1102 826 1190; x_wconf 54' lang='lat' dir='ltr'>tropo),</span> <span class='ocrx_word' id='word_1_49' title='bbox 836 1107 966 1187; x_wconf 83' lang='lat' dir='ltr'>densque</span> <span class='ocrx_word' id='word_1_50' title='bbox 977 1105 1041 1187; x_wconf 91' lang='lat' dir='ltr'>ipse</span> <span class='ocrx_word' id='word_1_51' title='bbox 1049 1102 1126 1184; x_wconf 91' lang='lat' dir='ltr'>apnd</span> <span class='ocrx_word' id='word_1_52' title='bbox 1136 1102 1297 1164; x_wconf 88' lang='lat' dir='ltr'>llomomm</span> 
     </span>
     <span class='ocr_line' id='line_1_7' title="bbox 137 1198 1298 1293; baseline -0.004 -22"><span class='ocrx_word' id='word_1_53' title='bbox 137 1200 219 1286; x_wconf 75' lang='grc' dir='ltr'>ἁλὰς</span> <span class='ocrx_word' id='word_1_54' title='bbox 239 1198 433 1292; x_wconf 69' lang='grc' dir='ltr'><em>ἀτρυγέτοιο</em></span> <span class='ocrx_word' id='word_1_55' title='bbox 453 1204 578 1289; x_wconf 78' lang='grc' dir='ltr'>μέδων,</span> <span class='ocrx_word' id='word_1_56' title='bbox 605 1210 660 1274; x_wconf 90' lang='lat' dir='ltr'>Od.</span> <span class='ocrx_word' id='word_1_57' title='bbox 686 1211 708 1287; x_wconf 91' lang='lat' dir='ltr'>l,</span> <span class='ocrx_word' id='word_1_58' title='bbox 729 1212 779 1273; x_wconf 84' lang='grc'>72.</span> <span class='ocrx_word' id='word_1_59' title='bbox 800 1244 843 1257; x_wconf 88' lang='grc'>-</span> <span class='ocrx_word' id='word_1_60' title='bbox 862 1201 994 1293; x_wconf 75' lang='grc' dir='ltr'><strong>Φόρκυι·</strong></span> <span class='ocrx_word' id='word_1_61' title='bbox 1017 1199 1126 1281; x_wconf 68' lang='grc' dir='ltr'><strong><em>πέλας</em></strong></span> <span class='ocrx_word' id='word_1_62' title='bbox 1146 1204 1298 1286; x_wconf 70' lang='lat' dir='ltr'>Carystius</span> 
     </span>
     <span class='ocr_line' id='line_1_8' title="bbox 88 1308 1298 1402; baseline -0.004 -27"><span class='ocrx_word' id='word_1_63' title='bbox 88 1399 90 1402; x_wconf 37' lang='lat'>.</span> <span class='ocrx_word' id='word_1_64' title='bbox 136 1312 335 1395; x_wconf 77' lang='lat' dir='ltr'>Pergamenus</span> <span class='ocrx_word' id='word_1_65' title='bbox 354 1312 482 1396; x_wconf 73' lang='lat' dir='ltr'>Cyaneos</span> <span class='ocrx_word' id='word_1_66' title='bbox 501 1332 568 1376; x_wconf 89' lang='lat' dir='ltr'>esse</span> <span class='ocrx_word' id='word_1_67' title='bbox 592 1313 680 1393; x_wconf 81' lang='lat' dir='ltr'>dixit,</span> <span class='ocrx_word' id='word_1_68' title='bbox 705 1322 737 1378; x_wconf 90' lang='lat' dir='ltr'>ut</span> <span class='ocrx_word' id='word_1_69' title='bbox 755 1316 843 1379; x_wconf 90' lang='lat' dir='ltr'>relert</span> <span class='ocrx_word' id='word_1_70' title='bbox 861 1313 953 1377; x_wconf 83' lang='lat' dir='ltr'>sebol.</span> <span class='ocrx_word' id='word_1_71' title='bbox 974 1309 1122 1375; x_wconf 81' lang='lat' dir='ltr'>&#39;l&#39;beocrit</span> <span class='ocrx_word' id='word_1_72' title='bbox 1141 1308 1222 1385; x_wconf 83' lang='lat' dir='ltr'>xm,</span> <span class='ocrx_word' id='word_1_73' title='bbox 1241 1308 1298 1371; x_wconf 77' lang='lat'>22:</span> 
     </span>
     <span class='ocr_line' id='line_1_9' title="bbox 137 1404 1297 1507; baseline -0.005 -28"><span class='ocrx_word' id='word_1_74' title='bbox 137 1409 328 1500; x_wconf 74' lang='grc' dir='ltr'><strong><em>Καρύστιος</em></strong></span> <span class='ocrx_word' id='word_1_75' title='bbox 349 1407 368 1480; x_wconf 84' lang='grc' dir='ltr'>ὁ</span> <span class='ocrx_word' id='word_1_76' title='bbox 391 1411 607 1504; x_wconf 74' lang='grc' dir='ltr'><strong><em>Περγαμηνός</em></strong></span> <span class='ocrx_word' id='word_1_77' title='bbox 632 1437 718 1507; x_wconf 66' lang='grc' dir='ltr'><strong><em>φησι</em></strong></span> <span class='ocrx_word' id='word_1_78' title='bbox 740 1413 892 1494; x_wconf 78' lang='grc' dir='ltr'><strong><em>Κυανέας</em></strong></span> <span class='ocrx_word' id='word_1_79' title='bbox 915 1411 975 1499; x_wconf 79' lang='grc' dir='ltr'>μὲν</span> <span class='ocrx_word' id='word_1_80' title='bbox 1001 1405 1071 1478; x_wconf 74' lang='grc' dir='ltr'>ὑπὸ</span> <span class='ocrx_word' id='word_1_81' title='bbox 1095 1404 1297 1496; x_wconf 69' lang='grc' dir='ltr'>ἀνθρώπων,</span> 
     </span>
     <span class='ocr_line' id='line_1_10' title="bbox 136 1507 1300 1604; baseline -0.004 -21"><span class='ocrx_word' id='word_1_82' title='bbox 136 1511 207 1585; x_wconf 70' lang='lat' dir='ltr'>tat</span> <span class='ocrx_word' id='word_1_83' title='bbox 228 1515 267 1583; x_wconf 70' lang='lat' dir='ltr'>ot</span> <span class='ocrx_word' id='word_1_84' title='bbox 285 1515 376 1583; x_wconf 75' lang='grc' dir='ltr'>θεῶν</span> <span class='ocrx_word' id='word_1_85' title='bbox 391 1512 524 1604; x_wconf 79' lang='grc' dir='ltr'><strong><em>Φόρκου</em></strong></span> <span class='ocrx_word' id='word_1_86' title='bbox 539 1515 648 1599; x_wconf 74' lang='grc' dir='ltr'><strong><em>πύλας</em></strong></span> <span class='ocrx_word' id='word_1_87' title='bbox 668 1518 863 1585; x_wconf 68' lang='grc' dir='ltr'><strong><em>καλεῖσθαιι</em></strong></span> <span class='ocrx_word' id='word_1_88' title='bbox 884 1539 954 1585; x_wconf 88' lang='lat' dir='ltr'>narn</span> <span class='ocrx_word' id='word_1_89' title='bbox 970 1519 1013 1582; x_wconf 89' lang='lat' dir='ltr'>sic</span> <span class='ocrx_word' id='word_1_90' title='bbox 1027 1509 1212 1601; x_wconf 74' lang='lat' dir='ltr'>pro‘Opaue</span> <span class='ocrx_word' id='word_1_91' title='bbox 1234 1507 1300 1578; x_wconf 57' lang='lat' dir='ltr'>nri·</span> 
     </span>
     <span class='ocr_line' id='line_1_11' title="bbox 137 1619 1301 1705; baseline -0.003 -20"><span class='ocrx_word' id='word_1_92' title='bbox 137 1620 198 1701; x_wconf 79' lang='grc' dir='ltr'>λας</span> <span class='ocrx_word' id='word_1_93' title='bbox 215 1622 403 1688; x_wconf 83' lang='lat' dir='ltr'>scribendum</span> <span class='ocrx_word' id='word_1_94' title='bbox 427 1643 494 1687; x_wconf 87' lang='lat' dir='ltr'>esse</span> <span class='ocrx_word' id='word_1_95' title='bbox 509 1624 669 1689; x_wconf 88' lang='lat' dir='ltr'>bloinebius</span> <span class='ocrx_word' id='word_1_96' title='bbox 690 1625 784 1689; x_wconf 79' lang='lat' dir='ltr'>suasit</span> <span class='ocrx_word' id='word_1_97' title='bbox 803 1625 838 1687; x_wconf 90' lang='lat' dir='ltr'>ad</span> <span class='ocrx_word' id='word_1_98' title='bbox 854 1624 988 1688; x_wconf 84' lang='lat' dir='ltr'>blonand.</span> <span class='ocrx_word' id='word_1_99' title='bbox 1008 1643 1037 1705; x_wconf 90' lang='lat' dir='ltr'>p.</span> <span class='ocrx_word' id='word_1_100' title='bbox 1058 1620 1133 1694; x_wconf 90' lang='grc'>111,</span> <span class='ocrx_word' id='word_1_101' title='bbox 1155 1619 1301 1702; x_wconf 76' lang='lat' dir='ltr'>probantu</span> 
     </span>
     <span class='ocr_line' id='line_1_12' title="bbox 138 1724 1300 1811; baseline -0.004 -22"><span class='ocrx_word' id='word_1_102' title='bbox 138 1727 285 1790; x_wconf 78' lang='lat' dir='ltr'>Lobeclrio</span> <span class='ocrx_word' id='word_1_103' title='bbox 300 1728 362 1808; x_wconf 75' lang='lat' dir='ltr'>Agl.</span> <span class='ocrx_word' id='word_1_104' title='bbox 379 1747 408 1809; x_wconf 88' lang='lat' dir='ltr'>p.</span> <span class='ocrx_word' id='word_1_105' title='bbox 421 1725 483 1791; x_wconf 83' lang='grc'>863</span> <span class='ocrx_word' id='word_1_106' title='bbox 502 1728 633 1811; x_wconf 82' lang='lat' dir='ltr'>ullisque.</span> <span class='ocrx_word' id='word_1_107' title='bbox 652 1765 694 1776; x_wconf 94' lang='lat'>—</span> <span class='ocrx_word' id='word_1_108' title='bbox 714 1728 845 1811; x_wconf 82' lang='lat' dir='ltr'>benique</span> <span class='ocrx_word' id='word_1_109' title='bbox 859 1728 1056 1810; x_wconf 86' lang='lat' dir='ltr'>Orpbicorum</span> <span class='ocrx_word' id='word_1_110' title='bbox 1076 1741 1195 1806; x_wconf 78' lang='lat' dir='ltr'>qnoque</span> <span class='ocrx_word' id='word_1_111' title='bbox 1214 1724 1300 1785; x_wconf 89' lang='lat' dir='ltr'>tbeo·</span> 
     </span>
     <span class='ocr_line' id='line_1_13' title="bbox 138 1825 1301 1912; baseline -0.003 -21"><span class='ocrx_word' id='word_1_112' title='bbox 138 1831 213 1910; x_wconf 78' lang='lat' dir='ltr'>logia</span> <span class='ocrx_word' id='word_1_113' title='bbox 228 1831 412 1912; x_wconf 73' lang='lat' dir='ltr'>Pborcpnem</span> <span class='ocrx_word' id='word_1_114' title='bbox 429 1830 544 1904; x_wconf 81' lang='lat' dir='ltr'>ascivit,</span> <span class='ocrx_word' id='word_1_115' title='bbox 560 1833 612 1894; x_wconf 88' lang='lat' dir='ltr'>sed</span> <span class='ocrx_word' id='word_1_116' title='bbox 627 1833 725 1897; x_wconf 90' lang='lat' dir='ltr'>locum</span> <span class='ocrx_word' id='word_1_117' title='bbox 740 1833 782 1907; x_wconf 91' lang='lat' dir='ltr'>ei,</span> <span class='ocrx_word' id='word_1_118' title='bbox 797 1832 879 1895; x_wconf 89' lang='lat' dir='ltr'>aliter</span> <span class='ocrx_word' id='word_1_119' title='bbox 892 1842 979 1912; x_wconf 82' lang='lat' dir='ltr'>atque</span> <span class='ocrx_word' id='word_1_120' title='bbox 994 1827 1155 1900; x_wconf 88' lang='lat' dir='ltr'>llesiodus,</span> <span class='ocrx_word' id='word_1_121' title='bbox 1174 1826 1205 1888; x_wconf 92' lang='lat' dir='ltr'>in</span> <span class='ocrx_word' id='word_1_122' title='bbox 1220 1825 1301 1889; x_wconf 84' lang='lat' dir='ltr'>Tita-</span> 
     </span>
     <span class='ocr_line' id='line_1_14' title="bbox 138 1930 1303 2015; baseline -0.003 -22"><span class='ocrx_word' id='word_1_123' title='bbox 138 1931 225 1994; x_wconf 85' lang='lat' dir='ltr'>nibus</span> <span class='ocrx_word' id='word_1_124' title='bbox 237 1931 404 2012; x_wconf 78' lang='lat' dir='ltr'>ossignarit,</span> <span class='ocrx_word' id='word_1_125' title='bbox 419 1951 496 2013; x_wconf 80' lang='lat' dir='ltr'>quos</span> <span class='ocrx_word' id='word_1_126' title='bbox 512 1933 549 1995; x_wconf 91' lang='lat' dir='ltr'>illi</span> <span class='ocrx_word' id='word_1_127' title='bbox 561 1935 795 2015; x_wconf 86' lang='lat' dir='ltr'>quattuordecim</span> <span class='ocrx_word' id='word_1_128' title='bbox 810 1931 1013 2004; x_wconf 85' lang='lat' dir='ltr'>numerabant,</span> <span class='ocrx_word' id='word_1_129' title='bbox 1028 1941 1141 2012; x_wconf 90' lang='lat' dir='ltr'>septem</span> <span class='ocrx_word' id='word_1_130' title='bbox 1154 1930 1303 1992; x_wconf 87' lang='lat' dir='ltr'>masculos</span> 
     </span>
     <span class='ocr_line' id='line_1_15' title="bbox 140 2033 1304 2117; baseline 0.001 -23"><span class='ocrx_word' id='word_1_131' title='bbox 140 2033 320 2115; x_wconf 87' lang='lat' dir='ltr'>totidemque</span> <span class='ocrx_word' id='word_1_132' title='bbox 336 2033 467 2107; x_wconf 75' lang='lat' dir='ltr'>sentinas,</span> <span class='ocrx_word' id='word_1_133' title='bbox 484 2054 575 2116; x_wconf 87' lang='lat' dir='ltr'>quum</span> <span class='ocrx_word' id='word_1_134' title='bbox 587 2035 741 2100; x_wconf 87' lang='lat' dir='ltr'>duodecim</span> <span class='ocrx_word' id='word_1_135' title='bbox 755 2037 800 2111; x_wconf 88' lang='lat' dir='ltr'>iis,</span> <span class='ocrx_word' id='word_1_136' title='bbox 815 2054 891 2117; x_wconf 83' lang='lat' dir='ltr'>qrtos</span> <span class='ocrx_word' id='word_1_137' title='bbox 902 2034 987 2097; x_wconf 90' lang='lat' dir='ltr'>etiam</span> <span class='ocrx_word' id='word_1_138' title='bbox 1001 2033 1146 2097; x_wconf 81' lang='lat' dir='ltr'>Hesiodus</span> <span class='ocrx_word' id='word_1_139' title='bbox 1158 2033 1304 2104; x_wconf 91' lang='lat' dir='ltr'>nominat,</span> 
     </span>
     <span class='ocr_line' id='line_1_16' title="bbox 139 2135 1356 2219; baseline 0 -21"><span class='ocrx_word' id='word_1_140' title='bbox 139 2137 196 2199; x_wconf 85' lang='lat' dir='ltr'>lius</span> <span class='ocrx_word' id='word_1_141' title='bbox 208 2135 295 2210; x_wconf 79' lang='lat' dir='ltr'>diros,</span> <span class='ocrx_word' id='word_1_142' title='bbox 311 2136 495 2219; x_wconf 79' lang='lat' dir='ltr'>Phorcpnem</span> <span class='ocrx_word' id='word_1_143' title='bbox 509 2138 654 2214; x_wconf 89' lang='lat' dir='ltr'>muribus,</span> <span class='ocrx_word' id='word_1_144' title='bbox 669 2140 781 2202; x_wconf 79' lang='lat' dir='ltr'>Dionen</span> <span class='ocrx_word' id='word_1_145' title='bbox 795 2137 911 2201; x_wconf 87' lang='lat' dir='ltr'>leminis</span> <span class='ocrx_word' id='word_1_146' title='bbox 923 2137 1121 2217; x_wconf 77' lang='lat' dir='ltr'>adiungerent</span> <span class='ocrx_word' id='word_1_147' title='bbox 1144 2136 1207 2199; x_wconf 92' lang='lat' dir='ltr'>llos</span> <span class='ocrx_word' id='word_1_148' title='bbox 1217 2135 1301 2198; x_wconf 78' lang='lat' dir='ltr'>l&#39;lato</span> <span class='ocrx_word' id='word_1_149' title='bbox 1324 2147 1356 2198; x_wconf 88' lang='lat' dir='ltr'>to</span> 
     </span>
     <span class='ocr_line' id='line_1_17' title="bbox 140 2237 1304 2324; baseline -0.001 -24"><span class='ocrx_word' id='word_1_150' title='bbox 140 2247 298 2319; x_wconf 84' lang='lat' dir='ltr'>sequutus,</span> <span class='ocrx_word' id='word_1_151' title='bbox 318 2237 427 2302; x_wconf 76' lang='lat' dir='ltr'>&#39;simne</span> <span class='ocrx_word' id='word_1_152' title='bbox 443 2259 471 2321; x_wconf 94' lang='lat' dir='ltr'>p.</span> <span class='ocrx_word' id='word_1_153' title='bbox 484 2241 570 2316; x_wconf 81' lang='lat' dir='ltr'>roE,</span> <span class='ocrx_word' id='word_1_154' title='bbox 591 2242 773 2324; x_wconf 75' lang='lat' dir='ltr'>Phorcpnem</span> <span class='ocrx_word' id='word_1_155' title='bbox 796 2244 913 2305; x_wconf 89' lang='lat' dir='ltr'>lratrem</span> <span class='ocrx_word' id='word_1_156' title='bbox 933 2239 1003 2302; x_wconf 90' lang='lat' dir='ltr'>dicit</span> <span class='ocrx_word' id='word_1_157' title='bbox 1017 2238 1135 2302; x_wconf 87' lang='lat' dir='ltr'>Saturni</span> <span class='ocrx_word' id='word_1_158' title='bbox 1149 2247 1179 2301; x_wconf 90' lang='lat' dir='ltr'>et</span> <span class='ocrx_word' id='word_1_159' title='bbox 1192 2238 1304 2311; x_wconf 68' lang='lat' dir='ltr'>libram</span> 
     </span>
     <span class='ocr_line' id='line_1_18' title="bbox 140 2340 1304 2427; baseline 0.002 -26"><span class='ocrx_word' id='word_1_160' title='bbox 140 2340 193 2402; x_wconf 91' lang='lat' dir='ltr'>sod</span> <span class='ocrx_word' id='word_1_161' title='bbox 212 2341 353 2403; x_wconf 88' lang='lat' dir='ltr'>bactenus</span> <span class='ocrx_word' id='word_1_162' title='bbox 376 2347 474 2404; x_wconf 87' lang='lat' dir='ltr'>tamen</span> <span class='ocrx_word' id='word_1_163' title='bbox 492 2342 642 2419; x_wconf 80' lang='lat' dir='ltr'>dissentit,</span> <span class='ocrx_word' id='word_1_164' title='bbox 666 2346 745 2427; x_wconf 81' lang='lat' dir='ltr'>quod</span> <span class='ocrx_word' id='word_1_165' title='bbox 771 2353 883 2426; x_wconf 80' lang='lat' dir='ltr'>pmrem</span> <span class='ocrx_word' id='word_1_166' title='bbox 905 2344 1011 2405; x_wconf 91' lang='lat' dir='ltr'>bomm</span> <span class='ocrx_word' id='word_1_167' title='bbox 1032 2360 1094 2404; x_wconf 92' lang='lat' dir='ltr'>non</span> <span class='ocrx_word' id='word_1_168' title='bbox 1113 2341 1247 2415; x_wconf 70' lang='lat' dir='ltr'>Caelum,</span> <span class='ocrx_word' id='word_1_169' title='bbox 1271 2352 1304 2403; x_wconf 89' lang='lat' dir='ltr'>nt</span> 
     </span>
     <span class='ocr_line' id='line_1_19' title="bbox 141 2440 1304 2528; baseline 0.002 -24"><span class='ocrx_word' id='word_1_170' title='bbox 141 2442 278 2525; x_wconf 88' lang='lat' dir='ltr'>Orphici,</span> <span class='ocrx_word' id='word_1_171' title='bbox 298 2440 350 2505; x_wconf 86' lang='lat' dir='ltr'>sed</span> <span class='ocrx_word' id='word_1_172' title='bbox 366 2441 514 2506; x_wconf 84' lang='lat' dir='ltr'>Oceanum</span> <span class='ocrx_word' id='word_1_173' title='bbox 531 2445 613 2520; x_wconf 88' lang='lat' dir='ltr'>dicit,</span> <span class='ocrx_word' id='word_1_174' title='bbox 634 2447 683 2528; x_wconf 72' lang='lat' dir='ltr'>spui</span> <span class='ocrx_word' id='word_1_175' title='bbox 699 2447 776 2528; x_wconf 89' lang='lat' dir='ltr'>apud</span> <span class='ocrx_word' id='word_1_176' title='bbox 793 2446 873 2517; x_wconf 91' lang='lat' dir='ltr'>illos,</span> <span class='ocrx_word' id='word_1_177' title='bbox 895 2445 963 2507; x_wconf 89' lang='lat' dir='ltr'>item</span> <span class='ocrx_word' id='word_1_178' title='bbox 985 2453 1017 2506; x_wconf 85' lang='lat' dir='ltr'>nt</span> <span class='ocrx_word' id='word_1_179' title='bbox 1036 2444 1113 2524; x_wconf 77' lang='lat' dir='ltr'>apud</span> <span class='ocrx_word' id='word_1_180' title='bbox 1129 2443 1304 2516; x_wconf 84' lang='lat' dir='ltr'>llesiodum,</span> 
     </span>
     <span class='ocr_line' id='line_1_20' title="bbox 139 2545 1303 2628; baseline 0.002 -21"><span class='ocrx_word' id='word_1_181' title='bbox 139 2563 245 2608; x_wconf 91' lang='lat' dir='ltr'>eorum</span> <span class='ocrx_word' id='word_1_182' title='bbox 262 2547 349 2608; x_wconf 86' lang='lat' dir='ltr'>lrater</span> <span class='ocrx_word' id='word_1_183' title='bbox 364 2545 431 2608; x_wconf 85' lang='lat' dir='ltr'>luit:</span> <span class='ocrx_word' id='word_1_184' title='bbox 449 2547 533 2610; x_wconf 90' lang='lat' dir='ltr'>cuius</span> <span class='ocrx_word' id='word_1_185' title='bbox 548 2549 743 2612; x_wconf 82' lang='lat' dir='ltr'>dissensionis</span> <span class='ocrx_word' id='word_1_186' title='bbox 759 2567 879 2610; x_wconf 89' lang='lat' dir='ltr'>cansam</span> <span class='ocrx_word' id='word_1_187' title='bbox 894 2547 1029 2628; x_wconf 84' lang='lat' dir='ltr'>equidem</span> <span class='ocrx_word' id='word_1_188' title='bbox 1044 2564 1105 2608; x_wconf 93' lang='lat' dir='ltr'>non</span> <span class='ocrx_word' id='word_1_189' title='bbox 1121 2546 1220 2619; x_wconf 92' lang='lat' dir='ltr'>credo,</span> <span class='ocrx_word' id='word_1_190' title='bbox 1235 2565 1303 2609; x_wconf 86' lang='lat' dir='ltr'>curn</span> 
     </span>
     <span class='ocr_line' id='line_1_21' title="bbox 143 2646 1304 2732; baseline 0.002 -23"><span class='ocrx_word' id='word_1_191' title='bbox 143 2646 262 2720; x_wconf 79' lang='lat' dir='ltr'>Proclo,</span> <span class='ocrx_word' id='word_1_192' title='bbox 283 2668 317 2710; x_wconf 86' lang='lat' dir='ltr'>ex</span> <span class='ocrx_word' id='word_1_193' title='bbox 333 2648 483 2712; x_wconf 88' lang='lat' dir='ltr'>recondita</span> <span class='ocrx_word' id='word_1_194' title='bbox 498 2650 623 2731; x_wconf 86' lang='lat' dir='ltr'>quadam</span> <span class='ocrx_word' id='word_1_195' title='bbox 638 2662 667 2714; x_wconf 93' lang='lat' dir='ltr'>et</span> <span class='ocrx_word' id='word_1_196' title='bbox 678 2650 776 2714; x_wconf 85' lang='lat' dir='ltr'>subtili</span> <span class='ocrx_word' id='word_1_197' title='bbox 792 2650 906 2713; x_wconf 89' lang='lat' dir='ltr'>ratione</span> <span class='ocrx_word' id='word_1_198' title='bbox 926 2649 1145 2732; x_wconf 87' lang='lat' dir='ltr'>pbilosopbica,</span> <span class='ocrx_word' id='word_1_199' title='bbox 1164 2649 1215 2711; x_wconf 85' lang='lat' dir='ltr'>sed</span> <span class='ocrx_word' id='word_1_200' title='bbox 1237 2661 1304 2712; x_wconf 88' lang='lat' dir='ltr'>ran·</span> 
     </span>
     <span class='ocr_line' id='line_1_22' title="bbox 144 2752 918 2836; baseline 0 -21"><span class='ocrx_word' id='word_1_201' title='bbox 144 2752 299 2816; x_wconf 90' lang='lat' dir='ltr'>tummodo</span> <span class='ocrx_word' id='word_1_202' title='bbox 314 2771 350 2815; x_wconf 85' lang='lat' dir='ltr'>ex</span> <span class='ocrx_word' id='word_1_203' title='bbox 365 2752 525 2816; x_wconf 90' lang='lat' dir='ltr'>memoriae</span> <span class='ocrx_word' id='word_1_204' title='bbox 539 2754 624 2836; x_wconf 85' lang='lat' dir='ltr'>lapso</span> <span class='ocrx_word' id='word_1_205' title='bbox 639 2754 829 2836; x_wconf 87' lang='lat' dir='ltr'>repetendam</span> <span class='ocrx_word' id='word_1_206' title='bbox 844 2773 918 2816; x_wconf 88' lang='lat' dir='ltr'>esso.</span> 
     </span>
    </p>

    <p class='ocr_par' dir='ltr' id='par_1_3' title="bbox 86 2854 1308 3457">
     <span class='ocr_line' id='line_1_23' title="bbox 229 2854 1307 2939; baseline -0.003 -22"><span class='ocrx_word' id='word_1_207' title='bbox 229 2855 270 2917; x_wconf 87' lang='lat' dir='ltr'>lle</span> <span class='ocrx_word' id='word_1_208' title='bbox 289 2854 387 2918; x_wconf 90' lang='lat' dir='ltr'>liberis</span> <span class='ocrx_word' id='word_1_209' title='bbox 399 2855 560 2938; x_wconf 71' lang='lat' dir='ltr'>rtrurcpuis</span> <span class='ocrx_word' id='word_1_210' title='bbox 580 2855 709 2939; x_wconf 85' lang='lat' dir='ltr'>primum</span> <span class='ocrx_word' id='word_1_211' title='bbox 724 2876 777 2919; x_wconf 86' lang='lat' dir='ltr'>eos</span> <span class='ocrx_word' id='word_1_212' title='bbox 793 2856 988 2939; x_wconf 83' lang='lat' dir='ltr'>percensebo,</span> <span class='ocrx_word' id='word_1_213' title='bbox 1007 2875 1083 2939; x_wconf 90' lang='lat' dir='ltr'>qnos</span> <span class='ocrx_word' id='word_1_214' title='bbox 1099 2875 1116 2920; x_wconf 92' lang='lat' dir='ltr'>a</span> <span class='ocrx_word' id='word_1_215' title='bbox 1132 2855 1307 2935; x_wconf 79' lang='lat' dir='ltr'>tbeogoniae</span> 
     </span>
     <span class='ocr_line' id='line_1_24' title="bbox 144 2957 1306 3041; baseline -0.003 -20"><span class='ocrx_word' id='word_1_216' title='bbox 144 2957 345 3041; x_wconf 82' lang='lat' dir='ltr'>compositore</span> <span class='ocrx_word' id='word_1_217' title='bbox 360 2959 584 3041; x_wconf 90' lang='lat' dir='ltr'>praetermissos</span> <span class='ocrx_word' id='word_1_218' title='bbox 596 2958 642 3022; x_wconf 89' lang='lat' dir='ltr'>alii</span> <span class='ocrx_word' id='word_1_219' title='bbox 655 2959 815 3041; x_wconf 84' lang='lat' dir='ltr'>scriptores</span> <span class='ocrx_word' id='word_1_220' title='bbox 831 2968 1008 3023; x_wconf 88' lang='lat' dir='ltr'>memorant.</span> <span class='ocrx_word' id='word_1_221' title='bbox 1034 2959 1124 3041; x_wconf 76' lang='lat' dir='ltr'>igitur</span> <span class='ocrx_word' id='word_1_222' title='bbox 1139 2958 1225 3021; x_wconf 87' lang='lat' dir='ltr'>liliam</span> <span class='ocrx_word' id='word_1_223' title='bbox 1241 2957 1306 3019; x_wconf 80' lang='lat' dir='ltr'>eiras</span> 
     </span>
     <span class='ocr_line' id='line_1_25' title="bbox 144 3062 1307 3144; baseline 0 -21"><span class='ocrx_word' id='word_1_224' title='bbox 144 3062 295 3125; x_wconf 84' lang='lat' dir='ltr'>Thoosam</span> <span class='ocrx_word' id='word_1_225' title='bbox 315 3062 463 3126; x_wconf 89' lang='lat' dir='ltr'>llomerus</span> <span class='ocrx_word' id='word_1_226' title='bbox 482 3063 631 3138; x_wconf 90' lang='lat' dir='ltr'>nominat,</span> <span class='ocrx_word' id='word_1_227' title='bbox 652 3062 706 3126; x_wconf 91' lang='lat' dir='ltr'>Od.</span> <span class='ocrx_word' id='word_1_228' title='bbox 728 3062 754 3135; x_wconf 93' lang='lat' dir='ltr'>l,</span> <span class='ocrx_word' id='word_1_229' title='bbox 776 3062 832 3139; x_wconf 80' lang='grc'>71,</span> <span class='ocrx_word' id='word_1_230' title='bbox 857 3072 982 3125; x_wconf 76' lang='lat' dir='ltr'>mmmm</span> <span class='ocrx_word' id='word_1_231' title='bbox 1006 3082 1041 3125; x_wconf 89' lang='lat' dir='ltr'>ex</span> <span class='ocrx_word' id='word_1_232' title='bbox 1061 3062 1198 3144; x_wconf 82' lang='lat' dir='ltr'>Neptuno</span> <span class='ocrx_word' id='word_1_233' title='bbox 1218 3062 1307 3142; x_wconf 76' lang='lat' dir='ltr'>Pulp-</span> 
     </span>
     <span class='ocr_line' id='line_1_26' title="bbox 143 3164 1306 3248; baseline 0.002 -23"><span class='ocrx_word' id='word_1_234' title='bbox 143 3165 244 3246; x_wconf 92' lang='lat' dir='ltr'>pbemi</span> <span class='ocrx_word' id='word_1_235' title='bbox 261 3165 410 3247; x_wconf 83' lang='lat' dir='ltr'>Cyclopis,</span> <span class='ocrx_word' id='word_1_236' title='bbox 432 3166 515 3229; x_wconf 86' lang='lat' dir='ltr'>cuins</span> <span class='ocrx_word' id='word_1_237' title='bbox 531 3175 653 3248; x_wconf 90' lang='lat' dir='ltr'>propter</span> <span class='ocrx_word' id='word_1_238' title='bbox 667 3166 879 3230; x_wconf 90' lang='lat' dir='ltr'>immanitatem</span> <span class='ocrx_word' id='word_1_239' title='bbox 900 3168 1012 3229; x_wconf 88' lang='lat' dir='ltr'>lormae</span> <span class='ocrx_word' id='word_1_240' title='bbox 1026 3185 1060 3230; x_wconf 89' lang='lat' dir='ltr'>ae</span> <span class='ocrx_word' id='word_1_241' title='bbox 1080 3184 1198 3229; x_wconf 83' lang='lat' dir='ltr'>morinn</span> <span class='ocrx_word' id='word_1_242' title='bbox 1218 3164 1306 3228; x_wconf 89' lang='lat' dir='ltr'>etiam</span> 
     </span>
     <span class='ocr_line' id='line_1_27' title="bbox 143 3268 1307 3353; baseline 0 -22"><span class='ocrx_word' id='word_1_243' title='bbox 143 3269 180 3331; x_wconf 90' lang='lat' dir='ltr'>de</span> <span class='ocrx_word' id='word_1_244' title='bbox 195 3278 289 3331; x_wconf 83' lang='lat' dir='ltr'>nratre</span> <span class='ocrx_word' id='word_1_245' title='bbox 304 3268 501 3333; x_wconf 89' lang='lat' dir='ltr'>coniecturam</span> <span class='ocrx_word' id='word_1_246' title='bbox 518 3289 623 3353; x_wconf 87' lang='lat' dir='ltr'>capere</span> <span class='ocrx_word' id='word_1_247' title='bbox 637 3269 715 3346; x_wconf 89' lang='lat' dir='ltr'>licet,</span> <span class='ocrx_word' id='word_1_248' title='bbox 735 3279 768 3334; x_wconf 90' lang='lat' dir='ltr'>ut</span> <span class='ocrx_word' id='word_1_249' title='bbox 787 3287 847 3333; x_wconf 91' lang='lat' dir='ltr'>non</span> <span class='ocrx_word' id='word_1_250' title='bbox 869 3268 1030 3351; x_wconf 82' lang='lat' dir='ltr'>incongrua</span> <span class='ocrx_word' id='word_1_251' title='bbox 1049 3268 1162 3353; x_wconf 85' lang='lat' dir='ltr'>parenti</span> <span class='ocrx_word' id='word_1_252' title='bbox 1178 3288 1233 3332; x_wconf 87' lang='lat' dir='ltr'>suo</span> <span class='ocrx_word' id='word_1_253' title='bbox 1250 3269 1307 3331; x_wconf 83' lang='lat' dir='ltr'>lilia</span> 
     </span>
     <span class='ocr_line' id='line_1_28' title="bbox 86 3372 1308 3457; baseline -0.002 -20"><span class='ocrx_word' id='word_1_254' title='bbox 86 3448 88 3453; x_wconf 42' lang='grc'>,</span> <span class='ocrx_word' id='word_1_255' title='bbox 144 3373 468 3452; x_wconf 79' lang='lat' dir='ltr'>luisseoenseatur²⁴l.</span> <span class='ocrx_word' id='word_1_256' title='bbox 495 3373 895 3457; x_wconf 69' lang='lat' dir='ltr'>l‘orroScpllaml&#39;borcpnis</span> <span class='ocrx_word' id='word_1_257' title='bbox 908 3374 995 3437; x_wconf 83' lang='lat' dir='ltr'>ldiam</span> <span class='ocrx_word' id='word_1_258' title='bbox 1004 3372 1308 3450; x_wconf 63' lang='lat' dir='ltr'>Acusilausdixitssl.</span> 
     </span>
    </p>
   </div>
   <div class='ocr_carea' id='block_1_3' title="bbox 143 3559 1312 4580">
    <p class='ocr_par' dir='ltr' id='par_1_4' title="bbox 145 3559 1310 3888">
     <span class='ocr_line' id='line_1_29' title="bbox 212 3559 1310 3631; baseline 0.001 -18"><span class='ocrx_word' id='word_1_259' title='bbox 212 3559 254 3626; x_wconf 81' lang='grc'>23)</span> <span class='ocrx_word' id='word_1_260' title='bbox 269 3559 361 3612; x_wconf 82' lang='lat' dir='ltr'>Veram</span> <span class='ocrx_word' id='word_1_261' title='bbox 376 3560 449 3613; x_wconf 85' lang='lat' dir='ltr'>buius</span> <span class='ocrx_word' id='word_1_262' title='bbox 466 3562 525 3614; x_wconf 88' lang='lat' dir='ltr'>dieti</span> <span class='ocrx_word' id='word_1_263' title='bbox 543 3563 693 3614; x_wconf 81' lang='lat' dir='ltr'>sententium</span> <span class='ocrx_word' id='word_1_264' title='bbox 711 3561 871 3614; x_wconf 74' lang='lat' dir='ltr'>bubulenlns</span> <span class='ocrx_word' id='word_1_265' title='bbox 883 3579 922 3631; x_wconf 83' lang='lat' dir='ltr'>ep.</span> <span class='ocrx_word' id='word_1_266' title='bbox 936 3562 992 3613; x_wconf 85' lang='lat' dir='ltr'>erit.</span> <span class='ocrx_word' id='word_1_267' title='bbox 1005 3569 1073 3614; x_wconf 81' lang='lat' dir='ltr'>extr.</span> <span class='ocrx_word' id='word_1_268' title='bbox 1089 3569 1117 3613; x_wconf 84' lang='lat' dir='ltr'>et</span> <span class='ocrx_word' id='word_1_269' title='bbox 1128 3559 1238 3613; x_wconf 77' lang='lat' dir='ltr'>Lobeek.</span> <span class='ocrx_word' id='word_1_270' title='bbox 1251 3561 1310 3627; x_wconf 52' lang='lat' dir='ltr'>nrt</span> 
     </span>
     <span class='ocr_line' id='line_1_30' title="bbox 145 3646 1309 3716; baseline 0 -18"><span class='ocrx_word' id='word_1_271' title='bbox 145 3665 167 3716; x_wconf 91' lang='lat' dir='ltr'>p.</span> <span class='ocrx_word' id='word_1_272' title='bbox 179 3649 229 3698; x_wconf 82' lang='grc'>969</span> <span class='ocrx_word' id='word_1_273' title='bbox 239 3648 431 3699; x_wconf 86' lang='lat' dir='ltr'>intellexeruut.</span> <span class='ocrx_word' id='word_1_274' title='bbox 449 3646 521 3699; x_wconf 87' lang='lat' dir='ltr'>Cnnl&#39;.</span> <span class='ocrx_word' id='word_1_275' title='bbox 532 3648 715 3700; x_wconf 80' lang='lat' dir='ltr'>Schneidewin.</span> <span class='ocrx_word' id='word_1_276' title='bbox 725 3648 822 3700; x_wconf 79' lang='lat' dir='ltr'>balcet.</span> <span class='ocrx_word' id='word_1_277' title='bbox 831 3657 898 3716; x_wconf 89' lang='lat' dir='ltr'>pout.</span> <span class='ocrx_word' id='word_1_278' title='bbox 909 3650 973 3715; x_wconf 73' lang='lat' dir='ltr'>eleg.</span> <span class='ocrx_word' id='word_1_279' title='bbox 984 3665 1008 3716; x_wconf 95' lang='lat' dir='ltr'>p.</span> <span class='ocrx_word' id='word_1_280' title='bbox 1016 3648 1073 3700; x_wconf 79' lang='grc'>1511.</span> <span class='ocrx_word' id='word_1_281' title='bbox 1090 3646 1191 3699; x_wconf 74' lang='lat' dir='ltr'>Pulsum</span> <span class='ocrx_word' id='word_1_282' title='bbox 1201 3647 1309 3698; x_wconf 84' lang='lat' dir='ltr'>nonnul-</span> 
     </span>
     <span class='ocr_line' id='line_1_31' title="bbox 145 3733 1310 3801; baseline -0.001 -17"><span class='ocrx_word' id='word_1_283' title='bbox 145 3734 223 3784; x_wconf 87' lang='lat' dir='ltr'>larum</span> <span class='ocrx_word' id='word_1_284' title='bbox 236 3733 390 3798; x_wconf 88' lang='lat' dir='ltr'>opinionem,</span> <span class='ocrx_word' id='word_1_285' title='bbox 408 3733 449 3799; x_wconf 84' lang='lat' dir='ltr'>qni</span> <span class='ocrx_word' id='word_1_286' title='bbox 462 3733 567 3800; x_wconf 63' lang='lat' dir='ltr'>stygem</span> <span class='ocrx_word' id='word_1_287' title='bbox 582 3733 634 3784; x_wconf 89' lang='lat' dir='ltr'>illis</span> <span class='ocrx_word' id='word_1_288' title='bbox 645 3733 731 3785; x_wconf 86' lang='lat' dir='ltr'>verbis</span> <span class='ocrx_word' id='word_1_289' title='bbox 743 3734 869 3798; x_wconf 72' lang='lat' dir='ltr'>designari</span> <span class='ocrx_word' id='word_1_290' title='bbox 887 3735 1033 3801; x_wconf 80' lang='lat' dir='ltr'>crederent,</span> <span class='ocrx_word' id='word_1_291' title='bbox 1049 3734 1128 3786; x_wconf 87' lang='lat' dir='ltr'>miror</span> <span class='ocrx_word' id='word_1_292' title='bbox 1140 3733 1310 3800; x_wconf 64' lang='lat' dir='ltr'>tter-taberga</span> 
     </span>
     <span class='ocr_line' id='line_1_32' title="bbox 145 3816 886 3888; baseline 0.004 -20"><span class='ocrx_word' id='word_1_293' title='bbox 145 3816 247 3886; x_wconf 73' lang='lat' dir='ltr'>probari</span> <span class='ocrx_word' id='word_1_294' title='bbox 260 3818 374 3884; x_wconf 86' lang='lat' dir='ltr'>potuisse</span> <span class='ocrx_word' id='word_1_295' title='bbox 386 3817 411 3869; x_wconf 89' lang='lat' dir='ltr'>iu</span> <span class='ocrx_word' id='word_1_296' title='bbox 425 3818 510 3870; x_wconf 76' lang='lat' dir='ltr'>biorn.</span> <span class='ocrx_word' id='word_1_297' title='bbox 522 3819 647 3887; x_wconf 78' lang='lat' dir='ltr'>untiquer.</span> <span class='ocrx_word' id='word_1_298' title='bbox 660 3835 717 3871; x_wconf 84' lang='lat' dir='ltr'>ran.</span> <span class='ocrx_word' id='word_1_299' title='bbox 733 3819 797 3871; x_wconf 65' lang='lat' dir='ltr'>leli</span> <span class='ocrx_word' id='word_1_300' title='bbox 810 3835 834 3888; x_wconf 88' lang='lat' dir='ltr'>p.</span> <span class='ocrx_word' id='word_1_301' title='bbox 845 3821 886 3871; x_wconf 83' lang='grc'>211.</span> 
     </span>
    </p>

    <p class='ocr_par' dir='ltr' id='par_1_5' title="bbox 143 3902 1312 4402">
     <span class='ocr_line' id='line_1_33' title="bbox 211 3902 1309 3974; baseline 0.005 -20"><span class='ocrx_word' id='word_1_302' title='bbox 211 3903 253 3968; x_wconf 84' lang='grc'>21)</span> <span class='ocrx_word' id='word_1_303' title='bbox 267 3902 339 3971; x_wconf 82' lang='lat' dir='ltr'>bpud</span> <span class='ocrx_word' id='word_1_304' title='bbox 355 3902 470 3956; x_wconf 80' lang='lat' dir='ltr'>Servium</span> <span class='ocrx_word' id='word_1_305' title='bbox 487 3903 518 3955; x_wconf 84' lang='lat' dir='ltr'>nd</span> <span class='ocrx_word' id='word_1_306' title='bbox 536 3902 613 3969; x_wconf 65' lang='grc' dir='ltr'>νοις.</span> <span class='ocrx_word' id='word_1_307' title='bbox 627 3904 688 3956; x_wconf 84' lang='lat' dir='ltr'>ben.</span> <span class='ocrx_word' id='word_1_308' title='bbox 701 3903 737 3967; x_wconf 83' lang='lat' dir='ltr'>l&#39;,</span> <span class='ocrx_word' id='word_1_309' title='bbox 755 3903 805 3957; x_wconf 85' lang='grc'>821</span> <span class='ocrx_word' id='word_1_310' title='bbox 821 3913 849 3956; x_wconf 91' lang='lat' dir='ltr'>et</span> <span class='ocrx_word' id='word_1_311' title='bbox 865 3904 990 3972; x_wconf 75' lang='lat' dir='ltr'>mptbogr.</span> <span class='ocrx_word' id='word_1_312' title='bbox 1008 3905 1078 3958; x_wconf 75' lang='lat' dir='ltr'>nan.</span> <span class='ocrx_word' id='word_1_313' title='bbox 1094 3903 1117 3974; x_wconf 87' lang='lat' dir='ltr'>l,</span> <span class='ocrx_word' id='word_1_314' title='bbox 1136 3906 1193 3959; x_wconf 79' lang='lat' dir='ltr'>tto.</span> <span class='ocrx_word' id='word_1_315' title='bbox 1205 3904 1242 3974; x_wconf 89' lang='lat' dir='ltr'>ll,</span> <span class='ocrx_word' id='word_1_316' title='bbox 1262 3908 1309 3960; x_wconf 70' lang='lat' dir='ltr'>llll</span> 
     </span>
     <span class='ocr_line' id='line_1_34' title="bbox 143 3986 1311 4060; baseline 0.004 -20"><span class='ocrx_word' id='word_1_317' title='bbox 143 3986 246 4041; x_wconf 85' lang='lat' dir='ltr'>Tboosn</span> <span class='ocrx_word' id='word_1_318' title='bbox 268 4005 317 4040; x_wconf 90' lang='lat' dir='ltr'>nou</span> <span class='ocrx_word' id='word_1_319' title='bbox 336 3987 386 4039; x_wconf 79' lang='lat' dir='ltr'>lllir</span> <span class='ocrx_word' id='word_1_320' title='bbox 400 3987 538 4057; x_wconf 80' lang='lat' dir='ltr'>Pboropois</span> <span class='ocrx_word' id='word_1_321' title='bbox 550 3988 695 4040; x_wconf 79' lang='lat' dir='ltr'>dicitursed</span> <span class='ocrx_word' id='word_1_322' title='bbox 708 3997 802 4054; x_wconf 79' lang='lat' dir='ltr'>meter,</span> <span class='ocrx_word' id='word_1_323' title='bbox 819 3996 893 4056; x_wconf 79' lang='lat' dir='ltr'>peter</span> <span class='ocrx_word' id='word_1_324' title='bbox 908 3997 992 4042; x_wconf 83' lang='lat' dir='ltr'>antem</span> <span class='ocrx_word' id='word_1_325' title='bbox 1004 3991 1149 4059; x_wconf 76' lang='lat' dir='ltr'>Neptunum</span> <span class='ocrx_word' id='word_1_326' title='bbox 1168 3993 1209 4060; x_wconf 78' lang='lat' dir='ltr'>qui</span> <span class='ocrx_word' id='word_1_327' title='bbox 1226 4001 1311 4046; x_wconf 84' lang='lat' dir='ltr'>ntnrna</span> 
     </span>
     <span class='ocr_line' id='line_1_35' title="bbox 143 4074 1312 4147; baseline 0.003 -20"><span class='ocrx_word' id='word_1_328' title='bbox 143 4076 299 4146; x_wconf 78' lang='lat' dir='ltr'>entiquiores</span> <span class='ocrx_word' id='word_1_329' title='bbox 315 4083 434 4128; x_wconf 81' lang='lat' dir='ltr'>unctores</span> <span class='ocrx_word' id='word_1_330' title='bbox 453 4074 571 4140; x_wconf 80' lang='lat' dir='ltr'>babeant,</span> <span class='ocrx_word' id='word_1_331' title='bbox 589 4090 620 4125; x_wconf 87' lang='lat' dir='ltr'>nn</span> <span class='ocrx_word' id='word_1_332' title='bbox 638 4075 755 4125; x_wconf 81' lang='lat' dir='ltr'>memoria</span> <span class='ocrx_word' id='word_1_333' title='bbox 774 4075 838 4143; x_wconf 86' lang='lat' dir='ltr'>lnprl</span> <span class='ocrx_word' id='word_1_334' title='bbox 855 4075 921 4139; x_wconf 87' lang='lat' dir='ltr'>sint,</span> <span class='ocrx_word' id='word_1_335' title='bbox 937 4077 1034 4129; x_wconf 83' lang='lat' dir='ltr'>neseio.</span> <span class='ocrx_word' id='word_1_336' title='bbox 1058 4077 1110 4129; x_wconf 82' lang='lat' dir='ltr'>Sed</span> <span class='ocrx_word' id='word_1_337' title='bbox 1121 4077 1233 4147; x_wconf 76' lang='lat' dir='ltr'>Neptuni</span> <span class='ocrx_word' id='word_1_338' title='bbox 1243 4080 1312 4131; x_wconf 80' lang='lat' dir='ltr'>illius</span> 
     </span>
     <span class='ocr_line' id='line_1_36' title="bbox 143 4158 1311 4235; baseline 0.001 -21"><span class='ocrx_word' id='word_1_339' title='bbox 143 4162 257 4233; x_wconf 82' lang='lat' dir='ltr'>Pboreps</span> <span class='ocrx_word' id='word_1_340' title='bbox 273 4164 349 4216; x_wconf 85' lang='lat' dir='ltr'>etiam</span> <span class='ocrx_word' id='word_1_341' title='bbox 365 4179 405 4232; x_wconf 89' lang='lat' dir='ltr'>ap.</span> <span class='ocrx_word' id='word_1_342' title='bbox 421 4161 501 4235; x_wconf 78' lang='lat' dir='ltr'>sebui.</span> <span class='ocrx_word' id='word_1_343' title='bbox 517 4160 639 4229; x_wconf 77' lang='lat' dir='ltr'>Ausebpd.</span> <span class='ocrx_word' id='word_1_344' title='bbox 657 4159 738 4212; x_wconf 81' lang='lat' dir='ltr'>Pruna.</span> <span class='ocrx_word' id='word_1_345' title='bbox 755 4158 805 4210; x_wconf 74' lang='lat'>79³</span> <span class='ocrx_word' id='word_1_346' title='bbox 823 4159 939 4211; x_wconf 83' lang='lat' dir='ltr'>etsebol.</span> <span class='ocrx_word' id='word_1_347' title='bbox 954 4160 1049 4214; x_wconf 77' lang='lat' dir='ltr'>Louna.</span> <span class='ocrx_word' id='word_1_348' title='bbox 1066 4160 1116 4228; x_wconf 88' lang='grc' dir='ltr'>ΙΧ,</span> <span class='ocrx_word' id='word_1_349' title='bbox 1133 4162 1184 4214; x_wconf 80' lang='lat' dir='ltr'>oto</span> <span class='ocrx_word' id='word_1_350' title='bbox 1201 4163 1311 4224; x_wconf 76' lang='lat' dir='ltr'>dieitor3</span> 
     </span>
     <span class='ocr_line' id='line_1_37' title="bbox 144 4245 1310 4318; baseline 0.002 -19"><span class='ocrx_word' id='word_1_351' title='bbox 144 4264 266 4318; x_wconf 71' lang='lat' dir='ltr'>quemque</span> <span class='ocrx_word' id='word_1_352' title='bbox 278 4266 333 4302; x_wconf 85' lang='lat' dir='ltr'>enm</span> <span class='ocrx_word' id='word_1_353' title='bbox 346 4248 478 4317; x_wconf 80' lang='lat' dir='ltr'>Pborcyao</span> <span class='ocrx_word' id='word_1_354' title='bbox 490 4245 606 4299; x_wconf 75' lang='lat' dir='ltr'>conlundi</span> <span class='ocrx_word' id='word_1_355' title='bbox 619 4261 695 4315; x_wconf 77' lang='lat' dir='ltr'>snpra</span> <span class='ocrx_word' id='word_1_356' title='bbox 706 4246 826 4313; x_wconf 80' lang='lat' dir='ltr'>vidimus,</span> <span class='ocrx_word' id='word_1_357' title='bbox 842 4245 953 4298; x_wconf 71' lang='lat' dir='ltr'>nereum</span> <span class='ocrx_word' id='word_1_358' title='bbox 968 4263 1067 4316; x_wconf 80' lang='lat' dir='ltr'>qnoque</span> <span class='ocrx_word' id='word_1_359' title='bbox 1083 4247 1162 4301; x_wconf 67' lang='lat' dir='ltr'>fllium</span> <span class='ocrx_word' id='word_1_360' title='bbox 1173 4248 1284 4318; x_wconf 79' lang='lat' dir='ltr'>Neptuni</span> <span class='ocrx_word' id='word_1_361' title='bbox 1296 4266 1310 4301; x_wconf 80' lang='lat' dir='ltr'>o</span> 
     </span>
     <span class='ocr_line' id='line_1_38' title="bbox 145 4329 1013 4402; baseline 0.001 -17"><span class='ocrx_word' id='word_1_362' title='bbox 145 4335 272 4387; x_wconf 82' lang='lat' dir='ltr'>nonnullis</span> <span class='ocrx_word' id='word_1_363' title='bbox 284 4334 393 4387; x_wconf 76' lang='lat' dir='ltr'>lubitum</span> <span class='ocrx_word' id='word_1_364' title='bbox 406 4349 464 4386; x_wconf 82' lang='lat' dir='ltr'>esse</span> <span class='ocrx_word' id='word_1_365' title='bbox 476 4347 509 4386; x_wconf 81' lang='lat' dir='ltr'>ex</span> <span class='ocrx_word' id='word_1_366' title='bbox 523 4331 677 4402; x_wconf 77' lang='lat' dir='ltr'>Apollodoro</span> <span class='ocrx_word' id='word_1_367' title='bbox 689 4329 708 4397; x_wconf 94' lang='grc'>1,</span> <span class='ocrx_word' id='word_1_368' title='bbox 720 4330 744 4400; x_wconf 79' lang='lat' dir='ltr'>l,</span> <span class='ocrx_word' id='word_1_369' title='bbox 756 4330 780 4398; x_wconf 82' lang='grc'>1,</span> <span class='ocrx_word' id='word_1_370' title='bbox 793 4331 809 4384; x_wconf 95' lang='grc'>2</span> <span class='ocrx_word' id='word_1_371' title='bbox 820 4331 906 4398; x_wconf 66' lang='lat' dir='ltr'>colligi</span> <span class='ocrx_word' id='word_1_372' title='bbox 918 4339 1013 4401; x_wconf 84' lang='lat' dir='ltr'>potest.</span> 
     </span>
    </p>

    <p class='ocr_par' dir='ltr' id='par_1_6' title="bbox 145 4416 1311 4580">
     <span class='ocr_line' id='line_1_39' title="bbox 212 4416 1311 4492; baseline 0 -18"><span class='ocrx_word' id='word_1_373' title='bbox 212 4420 256 4488; x_wconf 74' lang='grc'>25)</span> <span class='ocrx_word' id='word_1_374' title='bbox 269 4421 342 4490; x_wconf 80' lang='lat' dir='ltr'>Apud</span> <span class='ocrx_word' id='word_1_375' title='bbox 359 4421 440 4473; x_wconf 82' lang='lat' dir='ltr'>rebel.</span> <span class='ocrx_word' id='word_1_376' title='bbox 453 4419 572 4488; x_wconf 70' lang='lat' dir='ltr'>Apolloni.</span> <span class='ocrx_word' id='word_1_377' title='bbox 584 4417 633 4485; x_wconf 85' lang='lat' dir='ltr'>lv,</span> <span class='ocrx_word' id='word_1_378' title='bbox 649 4416 708 4472; x_wconf 82' lang='grc'>828.</span> <span class='ocrx_word' id='word_1_379' title='bbox 722 4417 802 4473; x_wconf 79' lang='lat' dir='ltr'>rebel.</span> <span class='ocrx_word' id='word_1_380' title='bbox 813 4417 885 4471; x_wconf 75' lang='lat' dir='ltr'>lion.</span> <span class='ocrx_word' id='word_1_381' title='bbox 897 4416 945 4472; x_wconf 80' lang='lat' dir='ltr'>oe.</span> <span class='ocrx_word' id='word_1_382' title='bbox 957 4416 1021 4488; x_wconf 83' lang='grc' dir='ltr'>ΧΗ,</span> <span class='ocrx_word' id='word_1_383' title='bbox 1037 4419 1082 4475; x_wconf 79' lang='grc'>88.</span> <span class='ocrx_word' id='word_1_384' title='bbox 1109 4419 1201 4477; x_wconf 75' lang='lat' dir='ltr'>Trete.</span> <span class='ocrx_word' id='word_1_385' title='bbox 1212 4421 1245 4474; x_wconf 75' lang='lat' dir='ltr'>ad</span> <span class='ocrx_word' id='word_1_386' title='bbox 1256 4420 1311 4492; x_wconf 65' lang='lat' dir='ltr'>ty·</span> 
     </span>
     <span class='ocr_line' id='line_1_40' title="bbox 145 4505 520 4580; baseline 0 -20"><span class='ocrx_word' id='word_1_387' title='bbox 145 4507 231 4578; x_wconf 80' lang='lat' dir='ltr'>eoplr.</span> <span class='ocrx_word' id='word_1_388' title='bbox 242 4521 269 4561; x_wconf 82' lang='lat' dir='ltr'>v.</span> <span class='ocrx_word' id='word_1_389' title='bbox 281 4507 315 4560; x_wconf 76' lang='lat' dir='ltr'>lb</span> <span class='ocrx_word' id='word_1_390' title='bbox 324 4514 352 4561; x_wconf 90' lang='lat' dir='ltr'>et</span> <span class='ocrx_word' id='word_1_391' title='bbox 363 4507 414 4561; x_wconf 75' lang='grc'>881)</span> <span class='ocrx_word' id='word_1_392' title='bbox 425 4523 451 4580; x_wconf 83' lang='lat' dir='ltr'>p.</span> <span class='ocrx_word' id='word_1_393' title='bbox 461 4505 520 4560; x_wconf 81' lang='grc'>717.</span> 
     </span>
    </p>
   </div>
   <div class='ocr_carea' id='block_1_4' title="bbox 0 0 1492 4808">
    <p class='ocr_par' dir='ltr' id='par_1_7' title="bbox 0 0 1492 4808">
     <span class='ocr_line' id='line_1_41' title="bbox 0 0 1492 4808; baseline 0 0"><span class='ocrx_word' id='word_1_394' title='bbox 0 0 1492 4808; x_wconf 95' lang='lat' dir='ltr'> </span> 
     </span>
    </p>
   </div>
  </div>
 </body>
</html>
