2962 4808
687 416 745 479 rso
801 371 803 374 ⁵

617 501 818 516 *-

138 612 170 665 ut
184 612 250 686 apta
266 603 383 668 lledeae
397 614 491 668 mater
504 605 567 670 dari
582 614 699 688 posset,
713 605 784 669 nolo
799 623 879 669 nunc
894 604 1058 688 disputare:
1073 614 1119 668 est
1133 604 1212 667 enim
1228 605 1303 669 haec

137 707 269 788 quaestio
284 708 444 771 admodum
459 709 593 773 httricata
607 718 637 771 et
651 727 725 791 quae
739 710 857 789 longam
873 707 1036 771 orationem
1053 708 1190 790 postulet.
1221 708 1303 770 lnte-

139 809 195 871 rim
210 809 345 874 ridemus
360 811 418 874 hoc
433 830 645 894 saepenumero
661 814 768 875 lactum
784 832 865 885 esse,
884 819 931 884 ut,
947 831 1038 893 aprum
1053 821 1147 875 anter
1160 821 1211 875 ant
1224 828 1304 875 uror

139 912 222 975 alicui
242 913 297 976 deo
318 913 577 996 circumspicienda
592 924 686 989 essct,
707 934 765 978 una
779 934 814 977 ex
829 933 990 978 nunterosn
1005 916 1187 978 Occanidum
1203 935 1303 996 grege,

140 1016 297 1079 Callirrhoe
312 1017 407 1098 aliqua
421 1026 471 1080 aut
485 1018 621 1099 Clymeno
635 1027 685 1081 aut
699 1017 724 1080 si
739 1018 819 1099 quod
835 1016 912 1080 aliud
928 1037 1035 1080 nomen
1051 1020 1229 1091 conveniret,
1248 1018 1303 1080 ad·

140 1118 327 1182 scisceretur:
342 1139 466 1200 quarum
480 1120 598 1201 quidem
612 1119 741 1183 conditio
754 1120 895 1182 hactenus
907 1120 983 1183 haud
996 1120 1147 1184 dissimilis
1165 1121 1220 1183 luit
1231 1137 1304 1202 par·

140 1221 283 1297 culorum
293 1221 399 1303 quihus
408 1223 502 1303 patria
512 1231 614 1285 nostra
623 1221 771 1303 gloriatur,
782 1219 949 1303 principum
962 1222 1084 1297 filiabus,
1095 1242 1169 1304 quae
1179 1234 1209 1285 et
1221 1223 1304 1304 ipsae

141 1321 210 1385 huic
228 1323 418 1405 potissimum
437 1324 505 1387 usui
524 1323 699 1398 inserviunt,
720 1334 754 1387 ut
771 1323 832 1387 sint
845 1323 1020 1405 quibuscum
1039 1343 1126 1407 pares
1145 1325 1267 1406 nuptiae
1286 1343 1304 1387 a

142 1431 285 1487 terrarum
301 1424 430 1487 dominis
446 1425 580 1490 contrahi
594 1436 624 1490 et
636 1425 721 1491 liberi
736 1425 836 1509 quaeri
851 1425 961 1508 alisque
974 1426 1138 1492 humilioris
1150 1425 1304 1508 unguinis

141 1525 315 1608 contagione
330 1527 457 1608 possint

207 1655 209 1660 ·
232 1625 369 1716 Τύχην,
392 1631 601 1707 Fortunam,
615 1631 700 1695 deam
715 1633 845 1696 llomcro
857 1652 919 1696 non
934 1644 1141 1707 intemeratam,
1156 1644 1186 1696 ut
1201 1632 1252 1714 qui
1268 1651 1306 1695 ne
1398 1657 1401 1661 ’

144 1733 348 1815 appellativum
364 1733 483 1816 quidem
497 1753 606 1799 nomen
621 1753 746 1816 nsquam
762 1743 903 1818 usurpett
913 1737 957 1815 ⁹¹³)
972 1736 1018 1799 alii
1029 1738 1164 1821 Προμν,
1174 1727 1306 1812 octog,

143 1835 412 1910 Providentiae,
439 1836 527 1900 liliam
553 1838 701 1911 dixerunt,
727 1838 805 1902 velut
823 1838 943 1902 hlcman
963 1839 1041 1921 apud
1060 1838 1248 1902 Plutarchum
1270 1838 1308 1899 de

144 1941 211 2002 lort.
231 1939 317 2002 Rom.
338 1959 363 2002 c
381 1943 415 2015 4,
435 1958 531 2023 aquo
552 1941 638 2004 etiam
658 1932 849 2022 Εὐνομία,
872 1941 1074 2016 llistrihua‚
1100 1951 1130 2003 et
1148 1933 1308 2017 Πειθώ,

144 2041 274 2115 Suada,
291 2061 412 2105 sorores
426 2043 452 2105 ei
467 2044 624 2114 adduntur,
641 2062 701 2123 qno
716 2043 786 2124 quid
801 2043 964 2125 signiticare
979 2056 1066 2126 poeta
1081 2043 1205 2107 coluerit
1220 2061 1307 2123 apter·

150 2154 211 2206 tum
232 2153 294 2220 cst3
319 2143 367 2207 alii
386 2144 463 2206 loris
483 2144 570 2206 liliam
591 2144 807 2225 Parcarumque
826 2164 975 2218 sororum,
1001 2146 1077 2208 velut
1095 2144 1241 2207 Pindarus
1262 2144 1307 2206 Ol.
1331 2152 1363 2205 rt

147 2247 214 2323 h'll,
233 2249 258 2309 1.
275 2247 364 2324 2³⁰).
395 2248 452 2310 Sed
468 2247 585 2310 Oceano
601 2246 761 2309 Fortunam
782 2256 955 2326 prognatam
971 2246 1027 2308 illis
1042 2245 1133 2309 rideri
1148 2256 1308 2308 consenta-

147 2368 235 2411 neum
253 2347 319 2424 luit,
338 2349 403 2430 qui,
422 2357 454 2411 ut
471 2347 562 2411 niodo
577 2347 651 2422 dixi,
671 2347 804 2411 oninium
820 2367 919 2411 rerum
935 2348 1077 2430 priacipia
1092 2368 1258 2430 causasque
1272 2367 1308 2410 ex

147 2452 264 2515 Oceano
289 2461 369 2514 ortas
393 2471 459 2514 csse
478 2460 657 2526 statuerunt,
678 2469 752 2532 quae
771 2470 876 2514 causae
896 2470 987 2532 quum
1007 2460 1057 2514 aut
1076 2452 1197 2514 renuite
1222 2469 1310 2532 agere

147 2563 197 2618 aut
216 2562 310 2617 cerne
329 2563 358 2616 et
378 2553 552 2617 immutabili
573 2553 625 2635 legi
640 2554 797 2618 adstrictae
811 2573 878 2616 esse
892 2554 1072 2625 riderentur,
1092 2564 1121 2616 et
1135 2555 1310 2625 Fortunam,

125 2700 127 2705 «
149 2657 338 2720 fortuitorum
353 2665 520 2731 eventuum,
539 2665 568 2720 et
583 2657 699 2732 Parcas,
714 2659 839 2720 latomm
855 2658 936 2731 deas,
952 2658 1059 2721 Oceani
1074 2657 1148 2720 tilias
1163 2657 1309 2720 dixerunt

149 2761 186 2823 Et
199 2760 349 2824 Fortunae
369 2760 487 2841 quidem
507 2762 604 2823 locum
624 2760 654 2822 in
669 2760 866 2824 Oceanitlihus
881 2760 1025 2823 llesiodea
1040 2760 1196 2840 theogonia
1210 2779 1310 2823 soma·

149 2865 197 2937 vit,
220 2863 322 2927 Parcis
342 2871 438 2927 autem
458 2862 548 2926 alima
568 2861 741 2943 assignarit,
761 2883 854 2945 quum
874 2873 924 2927 aut
942 2859 1027 2925 loris
1039 2884 1089 2926 eas
1108 2873 1137 2925 ct
1150 2861 1311 2935 Themidis,

150 2966 304 3029 autetiam
328 2964 429 3028 h'octis
449 2965 523 3028 litias
543 2965 712 3043 iecerit³¹),
731 2986 804 3048 quas
825 2966 935 3028 tabulas
954 2976 984 3029 et
1004 2966 1083 3048 ipsas
1104 2984 1165 3029 non
1185 2963 1313 3027 absurde

153 3071 233 3132 tlctas
253 3088 318 3131 esse
333 3078 471 3151 apparet·,
489 3069 653 3133 accuratius
668 3079 765 3132 autem
786 3069 816 3131 in
832 3069 986 3149 utriusque
1001 3087 1104 3131 causas
1119 3067 1267 3148 inquirere
1286 3076 1315 3127 et

152 3192 240 3254 apuam
256 3171 407 3252 prohahile
421 3172 468 3244 sit,
484 3182 637 3256 utramque
652 3172 688 3236 ah
703 3172 787 3235 initio
802 3171 831 3234 ln
847 3173 903 3234 hac
913 3170 1087 3252 theogoniae
1098 3169 1316 3252 compositione

153 3282 300 3357 receptam
317 3275 422 3349 luisse,
442 3274 592 3357 disputare
604 3295 665 3339 non
677 3273 822 3339 esthuins
833 3272 959 3348 taetra).
985 3272 1120 3336 Ceterum
1137 3291 1197 3335 non
1215 3273 1315 3335 omnis

155 3388 252 3441 tamen
278 3377 365 3440 etiam
386 3376 544 3441 Parcarum
571 3399 606 3442 cx
626 3379 745 3442 Oceano
770 3375 891 3457 originis
915 3375 1056 3438 anemoria
1076 3376 1238 3439 oblitterata
1259 3385 1316 3445 eat,
1394 3423 1398 3430 .

152 3479 260 3561 quippe
280 3497 353 3560 «puae
367 3479 523 3561 Lycophco
543 3489 622 3543 certe
643 3499 668 3541 v.
689 3481 748 3542 144
769 3473 865 3561 γυιάς
884 3476 960 3539 client
982 3468 1155 3557 α’μνᾰμους
1177 3473 1318 3561 δηναιὰς

156 3573 267 3658 latta,
287 3581 434 3644 claudas
450 3599 631 3663 propagas
646 3579 777 3643 veteris
792 3577 914 3655 llaris,
933 3579 962 3642 h
973 3598 1016 3654 c,
1033 3588 1065 3642 ut
1078 3578 1251 3642 sclroliastes
1266 3578 1318 3652 ait,

222 3810 278 3874 49⁶)
298 3808 434 3862 Paosaalaa
447 3805 495 3872 lv,
511 3805 558 3869 30,
575 3806 591 3857 1
604 3805 707 3874 primm
719 3802 825 3855 nominis
836 3810 966 3856 auctorem
977 3819 1033 3855 enm
1045 3803 1121 3868 citat,
1134 3802 1205 3854 caina
1217 3812 1260 3856 est
1270 3804 1318 3871 hy·

157 3909 228 3946 mnae
245 3893 269 3944 in
282 3894 413 3959 Cererem
429 3907 454 3944 r.
464 3888 523 3942 417.
547 3888 595 3941 liet
608 3895 692 3942 autem
706 3881 782 3957 Τύχη
795 3888 872 3939 etiam
883 3888 907 3940 in
919 3888 1003 3955 hymn.
1018 3887 1043 3938 ia
1055 3885 1164 3940 lilaea-v.
1175 3886 1203 3938 Χ
1215 3886 1281 3955 (xl),
1293 3889 1319 3949 5,

158 3994 232 4046 porro
250 3978 273 4029 ia
286 3976 388 4029 Solonis
400 3991 528 4042 verrom.
542 3973 608 4026 Plut
619 3971 673 4024 Sol.
682 3971 730 4024 cd
742 3980 769 4025 et
779 3973 845 4040 aput
857 3970 1028 4038 Theognidem
1037 3986 1063 4026 v.
1075 3973 1133 4026 tto,
1154 3973 1320 4043 tauquam

158 4079 207 4114 aon
219 4062 285 4114 aovi.

226 4148 275 4214 50)
294 4147 332 4200 Ci.
343 4147 451 4202 Panaca.
463 4143 518 4210 vu,
530 4143 571 4209 to,
584 4141 609 4194 ³.

227 4233 274 4300 dl)
295 4231 352 4285 Vid.
364 4228 543 4285 attor—mo
555 4235 582 4280 et
594 4225 643 4280 tlt
656 4242 711 4294 sqq.
1143 4290 1145 4294 Α
1180 4291 1185 4302 Ι

226 4318 273 4385 62)
292 4318 330 4372 lle
351 4317 436 4372 moris
455 4312 702 4385 autumaremus
719 4313 827 4382 exposed
843 4312 867 4367 la
884 4314 1134 4369 commearathaihna
1150 4316 1183 4370 ad
1199 4314 1321 4385 heaelplt

159 4401 333 4458 Prometheum
345 4419 370 4474 p.
383 4401 432 4456 tot
443 4419 497 4473 sqq.
