2962 4808
675 366 878 466 ...⁵3-

196 559 350 623 sedetiam
365 556 621 631 earereroiuisso,
641 574 678 618 ne
693 575 781 637 quem
797 557 842 619 iiia
858 555 948 619 titium
966 565 1080 638 pareret
1095 567 1177 639 patre
1193 556 1361 620 fortiorem:

196 663 242 726 cui
256 660 417 725 narrationi
431 661 502 724 baec
518 661 590 724 ratio
606 660 723 734 subest,
744 660 823 742 quod
838 659 995 740 imperium
1009 680 1043 722 ao
1058 671 1189 742 potestas
1202 660 1279 724 loris
1291 660 1361 724 abs·

195 785 251 848 que
270 764 413 847 sapientia
432 776 568 829 constare
588 785 649 829 non
664 784 754 846 prosse
773 761 993 843 intelligebatur.
1030 763 1144 838 Quodsi
1164 764 1255 827 titium
1277 763 1361 828 dietis
1452 752 1455 759 ’

195 877 324 950 pareret,
338 869 418 932 buno
431 879 660 932 cousentaneum
676 877 738 931 erat
753 866 815 948 pari
831 884 898 927 cum
914 874 1007 928 matre
1023 867 1163 949 sapientia
1180 870 1256 942 tore,
1277 866 1361 931 ideo·

194 992 249 1053 que
263 982 347 1053 patre
361 973 448 1036 etiam
465 973 688 1055 sapientiorem:
710 968 951 1053 quandoquidem
972 969 1039 1050 plus
1063 970 1099 1032 de
1120 970 1222 1033 matris
1242 970 1361 1052 ingenio

193 1095 258 1136 eom
275 1075 335 1138 ntia
348 1094 435 1156 quam
447 1076 483 1138 de
496 1076 597 1138 uxoris
613 1095 680 1138 rum
693 1075 797 1138 marito
810 1070 1052 1134 communicatur.
1083 1072 1250 1154 Sapientior
1264 1083 1361 1136 autem

193 1189 276 1260 patre
296 1196 357 1240 non
373 1188 488 1260 poterat
504 1198 566 1242 nou
582 1178 668 1242 etiam
689 1176 840 1261 potentior
859 1175 988 1238 eradere.
1015 1175 1098 1238 itane
1116 1175 1155 1237 ob
1175 1195 1295 1239 eausam
1311 1176 1361 1239 tu·

193 1282 267 1364 piter
278 1293 402 1346 matrem
418 1283 481 1367 ipse
494 1290 585 1346 totam
602 1282 715 1345 imbibit
728 1278 959 1363 sapientiamque
969 1277 1033 1341 eius
1045 1298 1129 1341 suam
1141 1278 1196 1341 sibi
1208 1279 1362 1360 propriam

193 1385 274 1448 iacit:
295 1405 355 1467 quo
372 1388 447 1449 iacto
463 1386 556 1448 tilium
569 1386 614 1448 illa
630 1405 732 1467 parere
747 1402 809 1448 nou
825 1382 882 1444 iam
898 1390 1011 1464 potest,
1032 1401 1105 1464 quae
1124 1391 1222 1445 autem
1242 1401 1277 1444 ex
1293 1382 1360 1464 ipso

194 1487 250 1550 tilia
264 1487 409 1563 nascitur,
428 1488 575 1570 particeps
590 1487 709 1570 quidem
726 1486 899 1567 sapientiae,
918 1503 1008 1566 quam
1023 1493 1105 1566 pater
1120 1483 1288 1561 imbiberat,
1307 1503 1362 1548 ne-

193 1610 339 1674 quaquam
355 1600 450 1653 tamen
467 1602 550 1673 patre
564 1589 723 1672 sapientior
738 1592 771 1652 bt
781 1593 792 1632 ²
803 1591 843 1666 ὓ).

279 1695 376 1759 iiorae
395 1704 597 1758 memorantur
616 1694 734 1775 quidem
751 1691 786 1756 ab
802 1692 945 1767 tioruero,
965 1689 1017 1753 sed
1038 1709 1133 1773 neque
1152 1708 1293 1754 numerus
1308 1711 1360 1755 ea·

195 1818 262 1864 rum
281 1817 376 1881 neque
396 1807 533 1881 parentes
554 1816 651 1878 neque
666 1794 786 1859 uorniua
802 1792 975 1857 indirantur.
1003 1794 1100 1858 Uuum
1122 1792 1158 1857 iis
1178 1814 1288 1858 numus
1309 1795 1362 1858 tri·

194 1902 309 1977 buitur,
324 1908 358 1965 ut
375 1899 455 1964 Coeli
476 1899 650 1984 inmpique
670 1910 772 1980 portas
792 1898 922 1981 prendant
940 1899 1157 1982 metuebatque,
1173 1901 1264 1964 densa
1283 1899 1362 1963 nube

196 2016 247 2070 aut
261 2014 374 2069 renrota
388 2015 440 2067 aut
454 2004 590 2078 obducta,
603 2002 637 2065 ΙΙ.
655 2003 685 2076 i',
698 2003 769 2066 tto.
787 2004 857 2077 tru,
874 2002 951 2080 3923
966 2004 1083 2067 easdem
1099 2004 1241 2087 ternporis
1256 2004 1362 2068 decur-

195 2128 263 2173 sum
278 2106 426 2171 moderari
441 2127 477 2168 ex
491 2107 522 2168 u.
539 2105 613 2178 XXI,
629 2107 701 2178 450,
715 2104 896 2188 iuteliigitur:

135 2230 177 2285 24
358 2200 431 2274 ἀλλ’
454 2203 510 2272 iias
531 2204 573 2294 δή
595 2209 742 2291 μισθοῖο
763 2205 859 2284 τέλος
880 2202 1088 2295 πολυγηθέες
1103 2196 1203 2294 Ὧραι

358 2304 519 2397 ἐξέφερον.

194 2414 325 2496 benique
335 2414 367 2478 ΙΙ.
382 2413 455 2487 t'ttt,
471 2412 533 2476 tbi
549 2413 761 2476 reuertentibus
779 2433 831 2496 per
842 2413 957 2507 Olpprpi
973 2424 1076 2496 portas
1092 2415 1197 2478 iunoni
1213 2427 1241 2479 et
1252 2418 1360 2481 Miner·

194 2536 245 2581 rae
259 2536 353 2596 equos
369 2517 405 2580 de
416 2535 504 2579 curru
517 2516 645 2589 solruut,
660 2524 762 2596 utpote
777 2516 925 2579 inferioris
937 2516 1051 2579 ordinis
1063 2516 1144 2592 deae,
1159 2527 1187 2581 et
1198 2519 1360 2583 maioribus

193 2619 230 2682 ad
246 2616 417 2699 tempestiua
437 2616 598 2680 ministeria
619 2617 701 2679 tarde
723 2626 848 2697 paratae.
878 2618 937 2679 Sed
958 2619 995 2680 ad
1015 2638 1120 2682 mores
1136 2620 1291 2684 hominum
1312 2640 1360 2685 ro·

192 2721 306 2802 qendos
327 2719 473 2800 ritumque
497 2718 618 2793 iustitia,
642 2719 799 2800 aequitate,
824 2719 983 2783 eoncordia
1007 2721 1227 2801 temperandam
1250 2740 1361 2786 munus

193 2842 294 2886 earum
309 2822 387 2904 apud
402 2822 564 2885 Homerum
577 2841 638 2885 nou
654 2822 767 2885 ridetur
781 2822 936 2904 pertinere.

278 2925 436 2989 Parcarum
449 2944 567 3007 quoque
579 2925 689 2988 mentio
701 2925 948 3006 frequentissima,
959 2926 1012 2989 sed
1024 2925 1168 3007 destirpe,
1179 2927 1216 2991 de
1227 2946 1361 3007 numero,

194 3027 231 3090 de
245 3027 415 3091 nominibus
431 3027 613 3110 singularum
628 3028 705 3090 idem
722 3027 884 3091 sitentium:
901 3047 1052 3110 quumque
1067 3029 1154 3091 unius
1169 3049 1269 3093 earum
1281 3035 1360 3114 apud

194 3128 357 3193 Hesiodum
384 3149 495 3194 nomen
519 3124 658 3194 Κλωθώ
683 3129 734 3204 sit,
761 3129 910 3194 llonrerus
933 3131 1034 3212 plures
1060 3132 1210 3196 communi
1238 3135 1360 3199 nomine

202 3319 401 3332 ὴ--οιο-
407 3324 458 3331 .-ω
464 3323 491 3332 .-

223 3417 314 3476 ''Iirba
326 3419 379 3477 θαλ
392 3417 558 3496 παρίλιχθ’,
572 3417 587 3490 ‘ri
598 3420 653 3494 μὲν
666 3425 720 3492 (pro
734 3423 885 3493 uaporem
898 3423 992 3496 Θέμις)
1007 3420 1153 3496 παλάμαις
1165 3424 1230 3497 περὶ
1243 3419 1359 3480 πάντων

229 3503 379 3565 tiburtinae
391 3503 533 3575 dnlrrrob',
546 3509 575 3560 οἳ
585 3502 726 3567 Ὀλύμπια
738 3502 850 3580 δώματ’
865 3508 987 3580 ἔχουσιν.

229 3595 327 3666 αλγιιλα
339 3592 367 3648 d'
381 3591 529 3665 ἀσκήσασα
542 3597 596 3664 (pro
610 3589 765 3663 noeriorum)
779 3596 972 3667 φοβέστρατον
984 3595 1063 3657 ἔντος
1075 3590 1186 3671 Ἀθήνῃ,

230 3676 282 3754 σὺν
293 3683 326 3754 σή
338 3679 450 3752 ystruro'
461 3700 521 3755 μιν,
533 3676 673 3754 πολεμήϊα
686 3677 775 3753 τεύχε’
790 3682 918 3752 ἔχουσαν.

196 3767 331 3819 Auctorem
347 3769 432 3821 trorum
450 3785 568 3820 versuum
586 3776 644 3837 post
656 3769 827 3820 Stesichorum
839 3768 936 3821 vixisse
952 3777 1066 3836 oportet,
1084 3769 1206 3822 siveram
1223 3779 1276 3835 est,
1294 3775 1360 3841 quod

196 3853 274 3904 rebel.
288 3853 454 3920 dpatientv,
474 3856 538 3906 ibib
553 3856 602 3907 ait:
621 3855 733 3926 πρῶτος
747 3857 923 3925 Στησίχορος
939 3851 993 3925 ἔφη
1011 3848 1064 3908 σὺν
1081 3847 1182 3914 ὅπλοις
1198 3855 1229 3910 ἓν
1245 3859 1294 3925 νής
1310 3861 1360 3912 τοῦ

197 3933 268 3996 Διὸς
277 3939 398 4009 arpotis
409 3933 587 4007 ἀναπηδῆσαι
601 3936 785 4008 νήνὶλθήνᾶν.
809 3939 913 3992 scilieet
929 3940 961 3991 ue
972 3947 1089 3992 armata
1102 3940 1217 3993 Minerva
1229 3942 1360 3996 Stesicho-

197 4039 240 4076 rus
252 4025 370 4090 loquutus
381 4032 432 4076 ert:
448 4041 481 4077 ex
498 4027 602 4095 eapite
614 4026 681 4079 ioris
694 4036 776 4080 natam
788 4043 846 4079 erro
859 4026 907 4078 ianr
920 4025 1046 4077 iioaiodur
1064 4026 1168 4078 disertio
1180 4027 1267 4079 vorbis
1280 4036 1361 4082 tosta·

195 4115 246 4172 tor,
259 4107 393 4176 lapsusque
404 4112 522 4163 memoria
532 4110 639 4165 Vossius
651 4121 699 4175 ert,
709 4114 794 4165 rebed.
806 4112 863 4165 erit.
875 4110 886 4165 1
898 4128 921 4180 p.
933 4109 990 4175 1³9,
1003 4126 1078 4179 quun
1090 4110 1200 4164 Hesiodo
1212 4113 1310 4181 pariter
1318 4123 1360 4168 at·

195 4208 244 4261 quo
253 4193 360 4244 itenere
373 4196 435 4247 bane
446 4195 553 4249 inbutam
565 4205 649 4250 oetan
661 4198 740 4251 fuisse
752 4205 835 4264 negat.

194 4277 305 4417 ιιιΙῖξν)
319 4282 442 4416 piperem
453 4278 482 4335 ot
495 4273 582 4353 ναλμολ
597 4278 679 4341 Ζεὺς
695 4280 820 4338 iduare
836 4276 870 4335 od
882 4281 987 4350 κανοῖς,
1003 4282 1059 4352 ipra
1070 4282 1107 4336 eit
1118 4284 1184 4353 opud
1196 4284 1360 4355 Aeaebpiun,

260 4399 267 4416 .
279 4377 305 4414 ν.
