2962 4808
734 381 775 445 68

654 468 857 479 —n——-.-.-

176 570 254 652 quael
282 567 454 631 vocabulum
481 567 512 629 in
538 566 636 647 tbeog.
652 587 679 629 r.
698 569 760 630 tto
785 569 821 630 elo
846 588 917 632 orco
941 569 1072 652 locisque
1096 572 1198 637 inieris
1224 573 1339 648 elicitur,

176 671 425 753 quemadmodum
446 669 533 731 etiam
556 668 624 731 ittuu
646 669 783 745 alterum,
809 664 902 749 χάος,
923 672 959 735 elo
978 674 1082 736 coelem
1103 694 1173 738 orco
1194 676 1337 759 acciprien·
1392 660 1394 665 ³

175 774 245 836 ‹lurn
262 773 508 848 victoruictor),
524 768 636 855 accipe
658 767 695 836 δὲ
719 768 907 838 θεσπέσιον
920 769 1054 858 κάτεχεν
1073 774 1162 859 χάος,
1186 789 1215 842 et
1229 799 1254 842 v.
1268 779 1342 857 814,

179 873 315 962 Τιτῆνες
337 870 466 940 ναίουσι
490 869 596 963 πέρην
616 871 715 957 χάεος
739 871 901 963 ζοφεροῖο.
933 879 977 942 Sit
997 899 1068 944 sanc
1087 881 1140 958 ita3
1161 882 1213 944 secl
1234 883 1340 946 elicitur

136 987 154 1040 t
175 989 272 1042 tamen
287 971 389 1062 χοιίἰο
412 989 524 1043 tanturn
547 981 583 1043 alc
602 981 704 1057 relurs,
723 1000 796 1063 quae
811 981 981 1057 debiscunt,
999 983 1028 1046 b.
1040 1005 1065 1046 e.
1082 1005 1156 1066 operae
1170 985 1342 1067 panduntur

175 1083 218 1145 sic
237 1095 269 1146 ut
285 1083 392 1166 aliqaiel
414 1083 487 1146 intra
504 1105 536 1146 se
552 1083 637 1165 spatii
653 1084 798 1166 aperiant,
813 1106 872 1167 quo
890 1085 997 1149 intrare
1013 1088 1090 1152 aliud
1107 1089 1211 1170 possit,
1227 1098 1255 1152 et
1270 1109 1343 1171 quae

175 1187 219 1250 sie
234 1186 333 1251 existit
347 1198 497 1269 apertura,
514 1181 597 1266 χάος
612 1209 636 1250 s.
651 1184 774 1272 χάσμα,
791 1188 863 1251 baec
877 1208 938 1253 non
954 1200 1053 1272 potest
1070 1191 1182 1255 inlinita
1197 1211 1274 1267 esse,
1291 1193 1342 1255 set

174 1309 235 1355 non
256 1291 378 1354 ulterius
399 1301 493 1374 patet,
514 1311 601 1372 apuam
618 1312 775 1375 quousque
790 1311 839 1356 res
855 1293 915 1367 illa,
936 1312 1010 1376 «puae
1024 1294 1188 1369 debiscere,
1206 1286 1343 1374 poinces,

175 1396 295 1471 elicitur,
314 1395 381 1457 loco
400 1405 467 1458 ante
489 1405 633 1477 occupato
649 1397 783 1472 recessit,
803 1406 848 1459 est
862 1396 949 1477 igitur
964 1416 1083 1480 semper
1098 1395 1206 1460 sinibus
1221 1395 1344 1480 quibus·

75 1542 81 1554 ·
177 1500 244 1562 elain
260 1497 423 1563 terminata.
445 1499 484 1562 m
499 1499 686 1562 terminatum
700 1500 792 1564 luisse
803 1500 895 1564 cbaos
907 1501 977 1564 illurl
990 1499 1245 1581 cosruogonicum,
1261 1499 1342 1581 qarotl

178 1602 231 1665 luit
250 1611 318 1666 anto
337 1621 424 1683 quom
445 1621 493 1664 ros
513 1601 570 1664 ulla
590 1601 740 1676 existeret,
760 1622 821 1667 non
842 1624 914 1668 sane
933 1604 971 1668 illi
991 1604 1109 1679 colunt,
1127 1603 1179 1666 secl
1196 1603 1341 1666 inlinitum

179 1705 308 1788 spratirnn
330 1705 427 1767 ‹tieant
446 1724 567 1768 necesso
582 1714 643 1780 est,
665 1705 692 1768 iel
709 1708 788 1787 ‹paroel
804 1727 865 1772 non
881 1719 958 1772 certe
973 1727 1008 1771 cx
1023 1705 1207 1789 etymologia,
1224 1705 1276 1767 scal
1292 1705 1345 1768 ali·

180 1810 260 1873 tande
284 1811 453 1874 oranticinnt.
494 1809 640 1873 Nimirum
657 1821 761 1892 urgerat
780 1811 857 1875 illam
878 1830 966 1876 unam
988 1819 1101 1893 partem
1122 1807 1344 1888 significationis

181 1934 256 1996 «puae
275 1914 509 1997 capacitatem
530 1913 673 1996 designat.
704 1915 781 1989 uuirt
802 1926 848 1979 est
862 1916 955 1991 enirn,
972 1916 1062 1990 aiunt,
1076 1914 1106 1976 iu
1122 1912 1200 1995 quod
1217 1912 1279 1975 sola
1295 1931 1345 1975 ca·

181 2019 314 2099 pacitatis
338 2022 422 2084 notio
448 2020 618 2094 corrreniat,
645 2029 760 2100 praeter
783 2018 933 2100 spatium?
967 2021 1103 2082 Attamen
1124 2016 1345 2080 concedendurn

182 2121 250 2195 erit,
269 2122 359 2187 multa
379 2125 464 2205 vulgo
486 2123 602 2204 capacia
623 2121 692 2194 diei,
712 2140 785 2202 quae
800 2140 861 2183 non
877 2131 974 2184 umen
990 2130 1146 2203 propterea
1162 2120 1247 2183 etiam
1263 2118 1346 2181 omni
1397 2187 1399 2191 ,

183 2242 308 2305 corpore
334 2247 358 2289 s.
386 2225 505 2289 materia
531 2243 632 2287 cacare
651 2223 800 2299 dicantur,
821 2225 873 2286 scel
894 2223 924 2285 in
946 2224 1052 2306 qrribus
1072 2232 1185 2287 tantum
1207 2222 1279 2286 nibil
1300 2223 1348 2298 sit,

182 2327 260 2408 epuoel
285 2329 403 2393 resistat
422 2328 517 2402 alteri,
538 2346 670 2411 quaeque
690 2326 772 2389 omni
789 2326 915 2409 impulsu
933 2326 1012 2390 lacilo
1031 2326 1177 2408 pellantur
1195 2337 1225 2390 et
1244 2327 1348 2392 corlant

182 2432 313 2515 pellenti,
332 2454 367 2497 ac
386 2432 565 2516 dissipabilia
585 2431 645 2495 sint
660 2441 688 2494 et
703 2430 905 2514 penetrabilia,
919 2429 1075 2512 locumque
1089 2430 1121 2493 in
1136 2452 1168 2494 se
1183 2431 1246 2495 aliis
1262 2452 1348 2514 prac-

182 2535 282 2601 bcant:
298 2538 391 2620 qualis
407 2549 509 2603 natura
525 2557 617 2620 quum
632 2536 707 2600 acris
722 2536 848 2600 maxime
860 2535 906 2611 sit,
921 2535 1000 2598 lrurm
1015 2535 1138 2616 apoetis
1150 2535 1237 2599 otiam
1248 2530 1350 2616 χάους

183 2641 304 2705 liciniae
323 2643 462 2726 appellari
483 2642 625 2706 ridemus.
656 2642 757 2725 llurip.
779 2642 808 2705 iu
825 2641 950 2714 (ladrrro,
969 2660 1016 2722 ap.
1033 2637 1121 2702 l'rob.
1137 2640 1173 2703 ael
1189 2639 1272 2722 l'erg.
1289 2641 1348 2704 Eol.

182 2744 228 2817 tt,
248 2745 285 2808 31
310 2752 363 2825 (ex
378 2746 494 2810 emend.
511 2745 646 2810 l'alclren.
663 2747 751 2810 lliatr.
768 2766 798 2830 p.
815 2746 852 2809 12
868 2750 914 2823 a):
938 2736 1076 2830 οὐρανός
1097 2734 1131 2806 θ’
1154 2735 1241 2829 ἡμᾶς
1262 2735 1346 2832 άπερ

182 2844 240 2913 καὶ
263 2845 312 2936 χή,
335 2847 464 2935 βροτῶν
486 2845 597 2914 κοινόν
611 2871 647 2915 τε
663 2844 831 2933 terrebor
845 2839 882 2913 a‘
897 2841 981 2925 illoc,
1004 2840 1044 2910 τά
1059 2836 1086 2909 τ’
1101 2839 1241 2934 ἐνμέσῳ
1261 2840 1348 2913 τοῦτ’

182 2943 321 3036 οὖρανοῦ
348 2974 384 3017 τε
406 2949 463 3017 καὶ
485 2950 610 3034 χθονὸς
630 2947 711 3034 χάος
732 2946 792 3036 μὲν
815 2943 1042 3034 ὀνομάζουσιν.
1074 2950 1123 3013 Sic
1137 2951 1214 3032 apud
1231 2951 1346 3015 Aristo·

77 3044 80 3048 ¹
182 3058 325 3140 pbancm,
346 3057 442 3121 Nubb.
461 3078 487 3119 r.
501 3059 577 3132 423,
597 3059 735 3121 Socrates
751 3057 952 3140 Strepsiaelem
968 3056 1055 3119 tlocet
1070 3075 1124 3137 pro
1140 3055 1197 3118 ‹liis
1213 3055 1347 3119 lrabenela

182 3183 249 3225 esse
263 3157 303 3225 τά
324 3157 406 3242 χάος
426 3157 518 3226 τουτὶ
541 3155 598 3225 καὶ
620 3157 681 3239 τὰς
702 3155 854 3248 capside,
878 3160 927 3225 ubi
950 3160 1048 3242 ipsum
1068 3176 1235 3242 pronomen
1254 3153 1350 3224 cocti

183 3265 282 3342 elocet,
303 3284 365 3330 non
385 3268 421 3330 tle
437 3266 586 3349 primitivo
602 3266 731 3347 quoelam
747 3264 841 3340 inani,
856 3264 892 3328 ab
908 3263 1062 3327 bominum
1079 3261 1182 3325 notitia
1197 3262 1284 3346 longe
1299 3283 1348 3327 re·

183 3378 281 3446 moto,
295 3371 346 3434 scel
363 3371 400 3434 ele
415 3392 447 3435 re
463 3381 533 3434 nota
549 3380 578 3434 et
593 3371 774 3452 propinqua,
790 3369 820 3432 b.
833 3391 859 3433 e.
875 3369 912 3432 ele
927 3387 1007 3432 aero
1022 3366 1210 3451 cogitantium
1226 3388 1302 3443 esse,
1317 3379 1350 3433 ut

73 3534 76 3538 .
184 3483 266 3538 recto
285 3475 458 3539 scholiastes
474 3476 692 3557 iuterpretatur.
723 3473 825 3555 b'equc
840 3473 953 3549 obstat,
968 3473 1048 3555 quod
1064 3471 1095 3536 in
1111 3471 1201 3535 altero
1217 3472 1350 3537 eiusdem

186 3577 298 3640 tabulae
311 3579 392 3653 loeo,
408 3600 434 3642 r.
448 3581 524 3656 ota,
540 3580 677 3642 Socrates
693 3578 768 3641 iurat
781 3573 829 3660 μά
843 3573 902 3663 τήν
922 3568 1105 3664 aremorica,
1127 3571 1176 3658 μά
1196 3571 1236 3640 τὸ
1258 3570 1350 3657 χάος,

186 3677 234 3761 μά
254 3677 313 3745 τόν
333 3674 429 3765 άὲραε
449 3701 518 3745 nam
537 3682 635 3764 potuit
649 3681 726 3746 aeria
741 3681 787 3744 illa
803 3691 923 3752 aratura,
940 3700 1027 3763 quam
1043 3680 1089 3743 illc
1104 3680 1281 3756 obtestatur,
1295 3680 1350 3741 tri·

187 3783 243 3846 bus
257 3786 354 3849 modis
369 3786 518 3868 appellari,
533 3786 654 3868 proprio
671 3806 705 3848 ac
719 3785 828 3867 vulgari
844 3784 966 3847 nomine
981 3775 1055 3870 άήρ,
1071 3792 1100 3846 et
1116 3782 1215 3845 minus
1226 3783 1350 3864 proprio

189 3875 353 3973 άιοπνοή,
379 3889 519 3969 quoniam
545 3887 776 3952 exhalationibus
801 3907 851 3951 aer
870 3896 1006 3951 constare
1026 3885 1192 3961 ridebatur,
1214 3896 1242 3948 ct
1259 3879 1350 3966 χάος,

189 3989 327 4071 quoniam
344 4002 447 4072 pratens
463 4003 492 4056 et
506 3991 693 4075 penetrabilis
708 4000 761 4055 est
791 3993 877 4056 auto
889 3992 1039 4074 bristopb.
1051 3992 1121 4055 aaa.
1134 4010 1160 4053 r.
1176 3989 1250 4052 192:
1270 3982 1351 4053 ὅταν

188 4087 321 4156 θέωσιν
346 4083 523 4177 trapeam
552 4098 664 4174 θεοῖς,
694 4084 732 4181 iJv
752 4092 798 4182 aar}
821 4090 927 4183 φόρον
941 4090 1086 4183 φέρωσιν
1106 4086 1183 4176 ten
1204 4083 1237 4155 oi
1258 4085 1350 4169 θεοί,

190 4191 249 4258 διά
275 4191 335 4282 τῆς
356 4190 567 4285 reiiceretis
588 4189 764 4282 ἀλλοτρίας
786 4193 843 4261 καὶ
865 4195 925 4261 τοῦ
944 4193 1047 4278 χάοος
1068 4193 1134 4260 τῶν
1145 4188 1273 4283 μηρίων
1292 4191 1352 4282 τήν

191 4298 305 4362 κνῖσαν
330 4289 370 4361 οὗ
397 4294 636 4388 denominabar.
667 4301 779 4384 Nempe
797 4301 871 4365 urbs
886 4302 932 4365 illa
952 4300 1219 4385 Nepheloooccpgia
1239 4309 1300 4374 est,
1321 4300 1352 4363 in

188 4417 269 4473 aere,
284 4392 319 4463 ir
338 4393 431 4481 χάει,
447 4402 580 4479 conlita,
596 4412 732 4487 remoque
748 4404 935 4471 scholiastes:
956 4397 1059 4486 χάους
1080 4395 1155 4468 duci
1175 4399 1235 4468 τοῦ
1256 4393 1354 4492 άέρος
1436 4420 1442 4433 ·
