2962 4808
604 597 667 661 240

59 795 132 859 erat,
143 802 204 846 non
220 800 279 846 uno
291 785 382 847 modo
398 785 536 865 primitus
551 785 587 847 ab
603 784 742 848 omnibus
758 798 942 869 conceptam,
958 789 1008 852 sed
1024 788 1060 852 ab
1076 788 1139 853 aliis
1151 789 1219 854 Dia·
1319 791 1322 797 '

59 906 122 959 nae,
138 885 176 948 ab
190 885 253 948 aliis
264 885 387 949 llecates
403 885 502 969 specie
516 886 714 961 informatam,
729 887 849 969 propria
865 890 952 969 igitur
964 910 1091 973 persona
1106 902 1220 956 utram·

59 1009 115 1070 que
128 988 165 1050 ah
180 987 263 1051 initio
278 989 439 1071 praeditam
457 989 563 1066 luisse,
577 1008 638 1052 non
654 990 774 1053 alteram
789 990 927 1055 exaltem
948 993 1032 1075 quasi
1052 994 1220 1072 derivatam,

59 1090 131 1154 mihi
150 1091 268 1173 quidem
289 1091 437 1173 persuasit
450 1092 617 1174 diligentior
632 1091 794 1155 tabularum
810 1091 848 1155 de
861 1102 930 1157 ortu
944 1095 1068 1160 llecates
1082 1098 1220 1161 conside·

59 1194 143 1271 ratio,
157 1194 193 1258 de
204 1194 313 1277 quihus
323 1214 404 1260 nunc
418 1196 584 1271 dicendum,
599 1196 731 1279 ratioque
742 1214 854 1270 earum,
869 1206 1011 1278 quantum
1027 1199 1089 1262 heri
1104 1200 1222 1283 poterit,

60 1297 214 1379 aperienda
228 1308 282 1362 est

145 1400 278 1465 Primum
298 1402 387 1482 igitur
401 1402 589 1485 Bacchylides
605 1403 733 1466 Hecaten
748 1403 865 1479 Noctis,
884 1403 1032 1486 Orphicus
1053 1413 1152 1469 autem
1166 1394 1223 1470 hr-

61 1506 283 1588 gonauticorum
298 1506 426 1588 scriptor
441 1506 555 1570 Tartari
572 1506 660 1570 hHam
671 1505 761 1570 dixit³
772 1509 815 1585 ¹):
831 1527 906 1591 quae
921 1509 965 1571 sic
980 1510 1106 1572 sortasse
1121 1510 1224 1573 couci·

61 1609 123 1674 liari
146 1629 236 1693 posse
259 1610 425 1688 rideantur,
447 1620 480 1675 ut
503 1611 658 1676 Tartarum
682 1621 811 1694 patrem,
831 1610 956 1675 Noctem
980 1619 1078 1675 autem
1098 1621 1223 1677 matrem

62 1713 153 1779 luisse
172 1723 351 1791 statuamus,
376 1714 426 1798 qui
452 1726 588 1798 parentes
607 1725 787 1800 quantopere
807 1714 981 1780 consociant
999 1725 1147 1780 nocturno
1167 1735 1224 1782 nu·

63 1818 149 1894 ualui,
170 1828 200 1883 et
218 1817 302 1881 euius
318 1819 445 1884 maxima
460 1820 537 1903 apud
557 1819 667 1885 inlesos
683 1829 816 1903 potestas
831 1831 923 1895 esset,
943 1820 974 1885 in
993 1829 1094 1903 aperto
1110 1823 1225 1900 est³²h

63 1922 117 1988 uhi
133 1932 246 2006 putrem
263 1921 369 1997 iorem,
384 1933 507 1987 rraatrern
522 1933 573 1988 aut
586 1924 729 1987 Latonam
745 1933 795 1988 aut
809 1925 945 1988 Cererem
959 1925 1110 1988 dixerunt:
1131 1924 1150 1988 ii
1167 1925 1226 1988 sci·

63 2026 144 2101 lieet,
164 2025 291 2109 quinon
311 2026 454 2090 diversam
470 2026 596 2091 llecaten
617 2027 738 2091 ahiana
758 2036 808 2090 aut
822 2047 838 2090 a
853 2027 1031 2111 Proserpina
1051 2049 1119 2093 esse
1139 2039 1226 2111 puta·

63 2130 144 2194 hant.
174 2130 282 2194 Verum
302 2150 353 2193 eos
373 2150 503 2213 quoque,
523 2131 630 2212 quihus
650 2149 712 2194 non
731 2130 796 2214 ipsa
817 2130 936 2212 quidem
957 2131 1133 2215 Proserpina
1152 2151 1227 2206 esse,

64 2236 116 2298 sed
137 2234 246 2317 pariter
268 2244 365 2296 tauron
386 2254 454 2298 cunr
478 2235 533 2298 hac
552 2235 628 2316 aprud
651 2235 761 2298 inferos
781 2233 885 2314 degere
905 2235 1068 2309 videbatur,
1090 2245 1228 2318 parentes

66 2337 182 2417 utrique
195 2335 317 2399 eosdem
333 2337 448 2400 dedisse
463 2356 525 2400 non
540 2337 721 2400 mirabimur.
752 2335 871 2400 Testem
886 2347 985 2401 autem
1004 2338 1093 2401 huius
1108 2338 1227 2421 opinio·

17 2450 45 2504 tt
65 2439 113 2502 nis
128 2456 220 2501 unum
237 2437 381 2502 hahemus
396 2458 478 2513 eum,
499 2439 582 2503 cuius
602 2439 699 2522 paullo
715 2449 783 2502 ante
796 2438 977 2502 mentionem
993 2439 1060 2516 leci,
1079 2440 1230 2504 Theocriti

66 2541 253 2606 scholiastanr
269 2543 305 2605 ad
322 2541 359 2616 11,
378 2541 429 2605 12:
455 2538 497 2628 τῇ
519 2535 677 2629 Δήμητρι
697 2537 837 2624 μιχθεὶς
859 2533 878 2604 ὁ
901 2537 985 2619 Ζεῦς
1005 2543 1114 2606 τεκνοῖ
1130 2535 1230 2607 ‘Esai-

64 2666 125 2732 την
151 2636 377 2728 διαφέρουσαν
404 2636 496 2723 ἰσχύϊ
518 2639 576 2708 καὶ
600 2634 821 2730 praeessetis
847 2635 915 2709 ὑπὸ
941 2641 1000 2730 γῆν
1025 2640 1231 2733 πεμφθῆναί

66 2766 171 2834 φασιν
201 2737 271 2808 ὑπὸ
305 2741 364 2808 τοῦ
396 2741 524 2829 macerie
556 2743 643 2831 πρὸς
673 2741 887 2834 Περσεφόνης
917 2738 1125 2834 ἀναζήτησιν.
1157 2750 1228 2813 'Alii

67 2860 169 2914 eontra
184 2848 327 2913 infernam
342 2851 418 2913 hanc
432 2851 557 2914 llecaten
573 2870 635 2914 non
651 2850 766 2914 Cereris
781 2849 833 2913 sed
848 2849 970 2912 lunonis
989 2849 1078 2912 hliam
1094 2871 1161 2914 esse
1175 2871 1230 2915 so·

67 2953 195 3028 luerunt,
217 2953 254 3016 de
275 2951 359 3015 cuius
377 2953 413 3014 ad
429 2953 540 3017 interos
560 2953 736 3036 relegatione
751 2952 824 3017 alter
838 2952 987 3016 Theocriti
1007 2953 1178 3018 scholiastes
1192 2958 1229 3019 ad

67 3055 131 3132 1.1.,
147 3056 335 3138 Sophronam
351 3063 503 3119 auctorem
515 3059 684 3133 nominans,
701 3057 833 3122 labellam
847 3057 931 3120 ailert
944 3055 1129 3121 huiusmodi:
1156 3058 1230 3134 „lu-

69 3179 178 3223 nonem
193 3180 228 3223 ex
243 3160 310 3224 lore
326 3159 450 3223 llemten
467 3159 626 3242 peperisse,
641 3162 688 3224 cui
703 3179 870 3244 cognomen
878 3150 1034 3244 Ἄγγελον
1046 3160 1230 3243 impositum.

69 3264 152 3329 llanc
166 3285 182 3328 a
197 3274 280 3346 patre
299 3264 438 3346 nymphis
453 3264 633 3329 educandam
650 3265 761 3340 datam,
781 3273 939 3347 postquam
959 3264 1118 3327 adoleverit
1136 3265 1230 3329 surri-

68 3367 171 3450 puisse
186 3367 271 3431 matri
287 3377 482 3450 unguentum,
502 3388 561 3450 quo
581 3369 628 3432 illa
643 3369 746 3433 faciem
761 3387 846 3431 sumn
860 3367 985 3431 lucidam
1001 3386 1165 3450 perungere
1179 3388 1232 3432 so·

71 3684 152 3720 novae
169 3669 287 3737 quaedam
305 3685 427 3736 personae
446 3670 544 3720 hereat.
574 3665 637 3720 Nom
649 3667 795 3733 lleeaergen
809 3674 836 3719 et
849 3665 911 3736 Upis
925 3667 1036 3734 virginea
1048 3667 1168 3719 dixerunt
1180 3666 1234 3736 hy·

72 3755 215 3822 pes-hereos,
228 3771 291 3823 quae
302 3763 347 3807 aut
358 3771 407 3807 uua
420 3772 474 3807 eum
487 3754 603 3822 Apolline
615 3761 643 3805 et
652 3754 731 3807 Diana
741 3754 829 3805 Delum
839 3755 962 3807 advectae
973 3763 1069 3819 essent,
1081 3761 1128 3806 sut
1139 3754 1233 3822 pmmae

73 3841 178 3892 omnium
191 3840 294 3893 donaria
307 3856 340 3892 ex
353 3840 524 3909 lipperhoreis
536 3857 567 3892 eo
578 3841 735 3893 attulissent.
757 3839 794 3892 Ci.
806 3840 940 3908 Spauheus.
951 3840 983 3892 ad
995 3839 1093 3892 Gallim.
1105 3842 1129 3892 1.
1143 3839 1233 3892 iullel.

73 3938 99 3974 ν.
109 3925 166 3977 291.
190 3926 240 3978 Alii
253 3941 335 3978 mares
347 3927 425 3978 luisse
437 3927 570 3992 dixerunt,
588 3926 610 3977 si
623 3943 673 3978 uos
684 3934 829 3994 utramque,
846 3932 917 3977 certe
930 3924 1089 3991 Hecaergen,
1105 3925 1137 3976 ala
1154 3924 1234 3993 iisque

74 4009 193 4061 educatos
206 4011 267 4063 dees
279 4020 367 4080 postea
377 4013 474 4065 nomina
487 4029 572 4064 eoruur
584 4012 708 4064 ascivisse
722 4013 808 4077 (Serv.
821 4012 863 4062 ad.
876 4010 954 4076 Vera.
967 4011 1031 4062 heu.
1043 4008 1092 4082 ΧΙ,ι
1102 4009 1160 4061 532.
1174 4008 1234 4061 858.

75 4092 107 4143 ei.
120 4093 220 4146 hrioeh.
233 4095 258 4162 ἱ.
271 4097 301 4147 19
314 4113 337 4165 p.
346 4097 380 4148 11
392 4097 499 4166 risen),
515 4106 543 4150 et
554 4097 656 4151 luerunt
667 4098 752 4163 etiam,
765 4098 808 4166 qui
819 4096 883 4165 Upis
896 4104 993 4164 patrous
1005 4096 1100 4148 lliauae
1112 4096 1235 4159 dicerent,

75 4185 178 4230 mtrem
191 4179 326 4233 Glauces
340 4182 401 4245 (Cic.
413 4184 437 4234 d.
450 4182 482 4236 N.
495 4183 525 4235 11.
538 4182 579 4249 111,
591 4184 638 4250 23,
650 4185 707 4248 58),
720 4184 786 4251 quod
799 4197 887 4233 nomeu
898 4180 930 4233 ad
943 4181 1103 4250 splendere!
1115 4180 1234 4250 pertinet.

76 4263 249 4332 significatque
261 4266 354 4319 Dianae
366 4284 422 4320 eum
434 4268 504 4321 Luna
516 4269 724 4322 coniunctionem.

146 4349 188 4411 51)
201 4349 316 4420 Bacchpl.
328 4369 367 4420 ap.
381 4353 466 4406 Sebol.
479 4354 562 4423 apoll.
575 4355 620 4408 hu
632 4354 674 4421 111,
687 4353 746 4407 461.
772 4354 849 4422 orph.
863 4354 924 4419 Arg.
936 4366 962 4404 v.
975 4352 1033 4404 980.
1161 4416 1167 4426 ,

145 4431 189 4498 112)
202 4432 395 4490 desertissimas
404 4446 487 4492 umes
498 4441 563 4492 harre
573 4441 744 4494 conicetur-sar
756 4452 823 4502 asae,
835 4455 883 4490 uos
896 4438 1015 4505 estquod
1026 4453 1148 4490 neuun.
1171 4436 1236 4490 Naar

77 4517 133 4656 gari
144 4518 235 4585 potnit,
246 4528 276 4572 st
287 4521 450 4591 Bacchylides
462 4524 550 4579 Noctis
561 4526 730 4593 appellatione
741 4525 865 4579 Latonam
876 4522 1009 4576 autetiam
1019 4520 1146 4576 Asterian
1157 4522 1236 4589 sisai·

94 4611 174 4657 urai.
