2962 4808
696 427 759 491 2211

135 608 278 689 Ἕκατος
292 612 328 677 ab
339 632 384 690 eo,
399 615 477 697 quod
490 624 534 679 est
544 609 631 694 ἓκός,
649 618 827 682 descendere
839 617 980 694 dieantur,
994 617 1105 700 liariter
1115 609 1309 699 atque‘lr’zu-

144 710 294 802 τηβόλος,
313 707 576 806 (Εκατηβθότης,
595 712 786 808 Ἑκηβόλος,
805 711 989 804 ‘nutemus
1010 741 1083 803 qum
1097 720 1219 782 nomina
1235 721 1307 801 quin

144 828 194 883 aut
208 818 419 883 iaculantem
435 841 452 882 e
466 821 664 906 longinquo
679 834 729 886 aut
745 835 954 905 operantem
970 846 986 886 e
1000 823 1200 904 longinquo
1212 823 1307 904 signi·

146 925 265 986 ficarent
286 943 389 1000 tremo,
410 927 488 1007 qttod
506 926 610 1000 seiam,
630 928 736 991 iolitias
756 928 797 991 ire
817 938 940 991 conatus
955 937 1013 999 est.
1032 936 1146 1008 praeter
1161 926 1307 989 llerman·
1376 990 1378 995 .

146 1044 227 1088 nttm.
258 1026 285 1088 ls
301 1027 390 1100 enim,
405 1037 436 1089 ut
452 1028 521 1092 ltaec
537 1048 653 1112 quoque
665 1031 821 1093 voluntatis
833 1029 1075 1112 significationem
1086 1028 1238 1101 haberent,
1252 1050 1307 1111 ap-

146 1129 243 1210 pellari
270 1131 316 1192 iris
335 1133 541 1210 cognomentis
560 1134 721 1214 Apollinem
742 1154 776 1196 ac
795 1133 915 1195 Dianam
936 1150 997 1194 non
1018 1140 1173 1213 propterea
1195 1133 1306 1200 statuit.

145 1233 224 1312 qnod
245 1233 360 1296 emirms
377 1233 430 1296 tela
445 1235 634 1308 coniicercnt,
650 1236 702 1297 sed
719 1246 841 1317 propter
856 1227 962 1317 pipard
983 1227 1079 1317 βέλη,
1096 1233 1163 1313 qnia
1179 1244 1306 1296 rrtortem

149 1334 292 1415 placidam
309 1345 338 1397 et
353 1337 417 1399 sine
432 1338 582 1400 doloribus
597 1338 723 1420 propitia
738 1339 886 1400 voluntate
901 1356 935 1398 ac
950 1339 1046 1399 sorore
1061 1335 1232 1398 hominibus
1249 1337 1307 1398 im·

146 1437 309 1499 mitterent¹
322 1443 365 1517 5);
385 1459 460 1520 (puae
475 1441 618 1528 sententia
633 1449 814 1523 quantopere
830 1458 890 1502 non
907 1439 998 1501 modo
1013 1457 1081 1500 cnm
1096 1440 1307 1518 manentatico·

145 1556 212 1602 rum
233 1541 420 1616 auctoritate,
438 1542 489 1604 sol
509 1563 574 1605 cum
598 1543 779 1624 optimorum
795 1563 828 1605 ae
842 1543 1109 1604 vetustissimorum
1126 1542 1305 1623 scriptorum
1328 1549 1362 1601 tt

145 1659 202 1704 usn
217 1652 336 1723 pugnet,
353 1643 383 1705 in
398 1653 499 1724 operto
515 1652 568 1705 cst.
595 1643 669 1707 Nam
682 1644 830 1705 llomerns
846 1643 963 1723 quidem
979 1634 1138 1727 ἑκηβόλον
1151 1651 1181 1703 et
1191 1634 1306 1722 ἑκάερ-

146 1763 203 1826 yor
225 1745 390 1827 Apollinem
416 1747 502 1807 etiam
529 1744 567 1807 toi
595 1745 678 1816 dicit,
705 1744 753 1806 ulti
781 1745 845 1808 telis
872 1745 935 1805 irati
961 1743 1091 1806 numinis
1113 1742 1307 1824 pestilentiam

144 1848 265 1910 dchaeis
286 1848 448 1910 immissam
469 1866 535 1909 esse
555 1856 668 1922 narrat,
683 1846 714 1909 11.
731 1847 752 1919 l,
769 1848 819 1908 75.
832 1847 883 1908 96.
900 1846 968 1907 ltu.
986 1845 1058 1919 117,
1075 1845 1220 1907 l‘indarus
1242 1846 1307 1908 llu-

146 1969 246 2012 sorum
267 1944 347 2028 τόξα
366 1941 511 2035 ἑκηβόλα
530 1950 668 2032 appellat,
687 1949 731 2012 01.
745 1949 798 2023 lx,
819 1952 854 2024 9,
875 1948 1051 2010 Timotheus
1067 1948 1166 2010 Solem
1183 1949 1308 2024 imoeat,

144 2063 177 2116 nt
190 2045 349 2140 ἑκηβόλον
363 2047 462 2134 βέλος
476 2053 649 2116 aelrersariis
665 2053 817 2116 immittat¹
830 2055 871 2130 ⁰),
887 2050 1047 2133 Aeschylos
1062 2052 1188 2133 denitpte
1203 2062 1232 2114 et
1247 2054 1308 2116 Eu·

146 2157 254 2239 ripides
270 2149 415 2244 ἑκηβόλα
431 2150 512 2233 τόξα
527 2156 632 2230 Furiis,
649 2157 776 2222 llercuii.
792 2155 949 2227 Atalantae.
965 2155 1091 2237 Scythis,
1106 2156 1308 2221 Amazonibus

147 2260 291 2325 tribuunt¹
307 2266 348 2340 ²),
370 2280 444 2342 qttae
468 2261 567 2324 omnia
587 2262 718 2345 exempla
738 2260 845 2322 nullam
867 2259 923 2321 nisi
945 2260 1031 2337 longe
1051 2258 1193 2322 iaculandi
1214 2259 1307 2340 sigtri-

111 2357 112 2361 ’
148 2365 313 2428 timtionem
328 2365 541 2428 demonstrant
568 2366 654 2441 Quod
670 2375 767 2429 atttem
782 2364 861 2428 addit
876 2365 1072 2438 llermaunus,
1089 2363 1114 2426 si
1130 2383 1196 2426 rera
1211 2375 1240 2426 et
1255 2386 1307 2446 ge·

145 2469 232 2532 noina
246 2468 319 2532 lmec
333 2468 372 2531 sit
391 2469 507 2533 illorum
522 2469 729 2533 vocabulorum
751 2467 939 2549 significatio,
959 2468 1067 2531 mimm
1083 2488 1149 2530 esse
1169 2477 1198 2532 et
1218 2489 1307 2551 pror·

147 2592 199 2636 sus
214 2572 422 2655 inexplicabile,
438 2592 492 2636 cur
510 2592 659 2654 nunquam
679 2583 777 2636 merten
796 2572 901 2635 similia
918 2572 1094 2651 cognomina
1109 2591 1125 2634 a
1140 2568 1217 2658 τῆλε
1233 2575 1307 2635 lacta

145 2678 208 2758 dois
234 2675 437 2757 imponantur.
463 2678 520 2738 hoc
544 2677 615 2738 milri
640 2677 807 2740 facillimum
831 2675 973 2756 explicatu
993 2675 1115 2736 ridetur.
1161 2674 1305 2738 Nimirum

146 2780 200 2842 illis
216 2779 305 2841 semei
321 2778 445 2859 recolitis
460 2797 576 2858 usmpne
590 2779 665 2841 tritis
681 2798 756 2841 nova
773 2778 841 2858 lengi
858 2777 927 2840 nihil
944 2797 1020 2859 opm
1035 2784 1111 2839 erat¹
1124 2783 1164 2854 ἢ).

231 2880 411 2943 Tenebimus
431 2881 519 2960 igitur
537 2882 661 2944 liceates
682 2882 812 2944 nominis
833 2883 908 2943 itanc
927 2881 1123 2954 uenationem,
1151 2889 1183 2943 nt
1203 2878 1239 2942 alr
1259 2901 1307 2953 eo,

146 2975 388 3068 denticulatis,
404 2983 509 3045 dictam
526 3004 592 3047 esse
607 2995 780 3058 statuamus,
798 2985 842 3048 cui
859 2985 1002 3046 notationi
1018 2984 1159 3066 quoniam
1171 2984 1306 3045 volunta·

146 3088 182 3151 tis
199 3086 370 3169 significatio
386 3105 447 3149 non
463 3090 606 3164 eomedit,
621 3100 711 3152 restat
726 3091 848 3152 alterum
864 3089 900 3149 de
916 3087 1043 3159 duolms.
1060 3107 1133 3169 quoe
1147 3106 1237 3169 supra
1249 3108 1306 3169 po·

146 3190 274 3264 suimus,
295 3200 326 3253 ut
345 3199 520 3272 potestatem
541 3192 684 3273 signilicet
704 3193 845 3266 divinam,
864 3213 928 3254 eom
949 3191 1072 3266 seilicet,
1093 3211 1166 3272 quae
1181 3191 1308 3253 unanime
1364 3208 1366 3211 ·

146 3294 208 3356 deis
227 3293 362 3374 propria,
383 3292 551 3357 irorrrinilms
571 3305 667 3358 antem
689 3304 790 3376 negato
809 3303 868 3366 est,
889 3305 922 3356 ut
941 3286 1019 3369 ἑκάς
1031 3294 1061 3355 h.
1073 3313 1098 3355 e.
1113 3314 1130 3354 e
1144 3294 1307 3376 longinquo

147 3397 227 3461 lacile
253 3395 332 3477 quod
358 3394 445 3458 velint
470 3397 535 3459 solo
561 3398 668 3461 mentis
689 3399 801 3461 divinoe
821 3409 904 3460 motu
925 3417 959 3459 ae
979 3396 1099 3458 numine
1119 3399 1236 3460 efficere
1255 3419 1308 3461 ro·

145 3502 289 3577 tcaput).
319 3497 392 3560 Nam
410 3499 594 3581 fingebantur
608 3501 727 3583 quidem
743 3500 790 3563 dci
806 3499 982 3582 corporibus
997 3500 1033 3562 od
1049 3500 1205 3563 hominum
1221 3501 1309 3565 simi·

149 3743 380 3813 cynomiam-ouen
399 3759 456 3794 ano.
469 3738 490 3792 11
506 3757 530 3809 p.
541 3741 604 3803 21111
626 3749 653 3794 ct
669 3741 841 3804 diducimus,
858 3741 991 3793 licitorum
1003 3759 1026 3810 p.
1041 3742 1085 3805 123
1103 3741 1194 3794 Pullus
1211 3751 1309 3807 contra,

145 3830 258 3900 iltp'nol.
270 3829 375 3882 Foruli.
388 3828 398 3881 1
410 3847 434 3899 p.
445 3827 494 3880 231
506 3844 521 3880 u
534 3828 659 3894 witich,
672 3829 736 3896 qnod
750 3828 883 3896 separandi
896 3827 1104 3894 significationem
1116 3830 1214 3882 halem.

215 3918 260 3982 ¹5)
279 3917 417 3983 liet-niano,
436 3914 519 3969 Uebet·
529 3915 574 3966 elas
588 3913 684 3966 Weaen
698 3917 746 3966 nod
759 3915 800 3965 tlic
813 3915 975 3982 Beliaodloog
986 3917 1033 3968 der
1044 3915 1201 3984 mythologie
1213 3934 1237 3985 p.
1248 3918 1290 3969 un.

216 4004 260 4068 16)
279 4003 353 4072 Apud
367 4002 527 4067 llaerobintn,
540 4002 594 4053 sat.
607 4001 631 4066 l,
647 4001 676 4053 li
690 4018 714 4070 p.
725 4000 774 4051 291Ι
787 3999 866 4052 Zeno.

216 4090 260 4154 l'i)
274 4090 394 4158 descript.
411 4088 536 4141 Promoti.
554 4104 579 4139 v.
589 4087 647 4140 ltu.
671 4087 758 4156 lim-ip.
772 4087 858 4140 omo
872 4105 898 4141 r.
909 4087 967 4141 211.
991 4088 1085 4141 Planco.
1097 4103 1122 4141 ν.
1135 4089 1209 4141 tros,
1234 4090 1309 4142 llere.

145 4175 194 4228 lue.
208 4193 232 4228 v.
241 4177 300 4229 412.
324 4178 415 4230 derel».
428 4177 498 4229 Bam.
511 4176 570 4226 5911.

167 4245 172 4256 ’
217 4262 260 4326 ts)
279 4262 317 4315 Cf.
334 4262 409 4315 ctiam
422 4261 535 4314 Nitzseh.
551 4261 582 4312 ati
595 4260 688 4329 (lalpu.
704 4267 764 4311 tom.
782 4258 803 4312 11
819 4277 844 4330 p.
857 4259 903 4310 tut
916 4261 948 4311 tle
960 4250 1103 4314 discrimina
1117 4262 1310 4329 significationis

145 4348 213 4401 inter
225 4347 286 4414 τῆλε
298 4354 326 4402 el
336 4343 402 4407 dreis
413 4347 541 4400 subtiliter
552 4354 701 4399 monentem.

208 4437 256 4508 tt)
274 4437 320 4494 Sia
334 4436 457 4495 laetavit
468 4434 545 4491 etiarn
554 4433 720 4498 tineamus,
729 4432 755 4484 d.
768 4430 909 4484 suanum
920 4432 968 4484 dcc
976 4432 1119 4501 dicmur„
1128 4452 1152 4502 p.
1163 4437 1209 4489 28:
1226 4437 1311 4503 ῃΙΙ..
