2962 4808
695 504 860 601 ⁶⁶--
890 597 896 605 .

214 693 279 775 quis
295 694 370 755 banc
384 690 537 773 Cupidinis
554 712 621 755 cum
637 693 717 757 Cbao
732 694 949 777 copulationem
964 711 1136 776 comparare
1151 715 1219 760 eum
1234 718 1285 775 eo,
1300 703 1379 782 quod

215 799 250 859 cle
264 795 370 875 spiritu
386 789 654 857 Sanciruniatbonis
670 796 755 859 Pbiio
771 796 849 879 apuli
865 796 1026 859 Eusebium
1041 797 1143 860 reiert:
1165 793 1223 862 καὶ
1244 792 1379 889 ἠράσθη

213 892 253 960 τὸ
273 891 402 976 πνεῦμα
422 891 489 959 τῶν
510 888 607 959 ἰδίων
629 888 745 983 ἀρχῶν.
776 899 850 961 llam
866 897 1060 980 principium,
1076 898 1160 962 cuius
1175 919 1277 965 amore
1292 904 1382 985 spiri·

215 1008 261 1060 tos
277 997 419 1060 incensus
434 1018 500 1061 esse
516 999 636 1075 elicitur,
656 1002 710 1065 luit
730 993 794 1087 ἀήρ
818 993 985 1088 ζοφώδης,
1006 999 1067 1063 sire
1087 1001 1144 1064 aliu
1159 1001 1380 1092 nominemur}

214 1091 312 1183 ἀέρος
334 1095 510 1187 {cumberg
531 1114 582 1166 ant
600 1096 682 1183 χάος
702 1099 846 1188 θολερὸν
867 1096 1038 1185 &petitione

297 1204 429 1267 irrisisse
438 1207 510 1270 baec
518 1208 633 1270 somnia
643 1209 854 1288 cosmugouica
864 1205 950 1268 etiam
961 1205 1074 1267 merline
1083 1208 1255 1273 conrueriiae
1263 1219 1380 1292 poetam

220 1307 416 1388 tintiplranem
442 1328 476 1371 ex
497 1310 615 1373 irenaeo
636 1310 861 1392 cognoscimus,
883 1308 987 1390 quiex
1011 1309 1098 1371 imius
1122 1312 1250 1392 quadam
1275 1314 1381 1389 lobna,

215 1429 303 1491 qoam
318 1419 441 1492 propter
456 1413 515 1476 boc
531 1413 629 1494 ipsum
644 1422 851 1495 argumentum
866 1412 1067 1493 Theogoniam
1083 1423 1182 1487 rocol,
1197 1414 1269 1477 baec
1283 1418 1381 1492 refert,

214 1512 244 1574 in
269 1512 468 1593 disputatione
491 1523 594 1578 contra
615 1515 833 1579 Valentinianos
857 1515 1010 1596 gnosticos
1032 1515 1067 1588 lt,
1093 1517 1130 1577 tt
1151 1536 1181 1598 p.
1198 1517 1260 1580 308
1282 1517 1382 1583 suere

214 1615 348 1689 „iluito
363 1616 600 1680 verisimilius
616 1627 650 1680 et
665 1613 802 1698 gratius
820 1616 894 1696 (scii.
912 1635 1001 1698 quam
1017 1615 1225 1695 Valentiniani)
1242 1618 1283 1680 de
1299 1620 1382 1683 nni·

214 1735 400 1780 versorum
415 1719 539 1799 genesi
560 1719 652 1782 «lixit
672 1737 764 1782 unus
780 1720 821 1782 rie
840 1718 1020 1781 ueteribus
1041 1717 1191 1781 comicis
1206 1721 1383 1803 Antipha·

216 1840 278 1883 nes
304 1820 338 1882 in
363 1820 581 1902 Tireogonia.
623 1822 688 1884 iile
713 1822 806 1884 enim
833 1822 875 1883 (le
900 1820 1011 1884 Nocte
1034 1829 1068 1882 et
1087 1820 1239 1884 Silentio
1265 1823 1383 1890 Chaos

217 1923 387 1986 emissum
408 1923 508 1999 «lieu,
533 1924 664 1987 ‹loirinc
684 1924 723 1986 ric
744 1924 838 1986 Cimo
858 1930 892 1985 et
911 1922 1022 1987 Nocte
1041 1923 1268 2006 Cupidinem,
1289 1938 1322 1990 et
1343 1948 1384 1993 cx

218 2026 285 2087 boc
304 2025 449 2100 Lumen,
469 2025 602 2088 «lebino
621 2025 792 2106 reliquam
814 2023 1007 2087 secundom
1024 2045 1103 2088 eum
1124 2027 1272 2107 primam
1295 2031 1384 2093 ‹leo-

166 2140 197 2192 tt
219 2145 293 2189 rum
309 2127 468 2207 genesin.
503 2129 589 2191 l'ost
608 2146 699 2208 uuus
714 2145 842 2191 rursus
858 2128 1048 2190 sccunrlam
1064 2128 1212 2192 beorum
1228 2152 1383 2213 genera·

219 2229 507 2292 tioneminrlncit
521 2239 555 2291 et
574 2229 697 2292 rnrrmli
719 2230 1005 2293 fabricationem.
1035 2230 1171 2294 Dcirioc
1190 2235 1233 2296 rie
1253 2255 1384 2299 secon-

207 2333 272 2406 ulis
292 2331 362 2393 eliis
383 2340 506 2394 narrat
525 2331 708 2393 borrrinum
731 2332 1040 2413 plasmatioocm.“
1081 2333 1253 2415 intelligitur
1273 2356 1308 2400 ex
1329 2339 1385 2407 bis,

218 2435 295 2514 alioci
316 2433 513 2513 liulipbanem
534 2433 677 2516 principia
698 2433 788 2496 luisse
807 2434 953 2496 Noctem
975 2444 1005 2495 et
1024 2434 1102 2499 aliud
1124 2437 1281 2516 «perititiam,
1303 2442 1383 2520 quoii

218 2537 352 2599 irenaeus
368 2535 410 2597 rei
426 2535 526 2616 penius
542 2535 581 2608 is,
599 2536 648 2616 qui
663 2535 769 2598 librum
787 2536 896 2598 irenaei
912 2537 999 2598 latine
1013 2538 1113 2610 uertit,
1129 2539 1320 2604 Silentium
1337 2544 1385 2606 in·

219 2647 394 2722 tenrrotatus
409 2647 464 2700 est.
494 2637 579 2719 iipurl
594 2638 736 2699 Gmerum
752 2646 869 2719 proeium
884 2630 988 2724 Σιγήν
1002 2639 1092 2700 luisse
1107 2657 1167 2701 non
1180 2649 1225 2702 est
1237 2643 1384 2719 credibile,
1403 2697 1404 2701 ,

219 2762 279 2806 nou
294 2742 385 2804 mom
401 2751 572 2823 propterea,
594 2741 674 2821 «priori
694 2741 767 2803 baec
786 2741 815 2803 in
831 2741 959 2822 antiquis
974 2741 1175 2822 cosmogoniis
1192 2762 1208 2804 a
1224 2745 1304 2807 nolio
1319 2766 1383 2809 me·

219 2854 414 2918 carentorum,
434 2845 485 2906 secl
501 2845 581 2925 quocl
598 2844 762 2907 nmscuium
778 2844 878 2925 potius
895 2844 1072 2926 principium
1088 2845 1159 2925 poni
1176 2845 1315 2909 debuisse
1330 2867 1384 2930 ap-

218 2958 309 3031 paret,
325 2968 360 3011 ex
377 2947 459 3011 euius
476 2967 542 3009 rum
560 2946 653 3008 Nocte
669 2946 876 3009 coniunctione
890 2947 987 3010 Cbaos
1004 2956 1141 3029 tanquam
1162 2957 1265 3029 partus
1280 2951 1385 3031 prodi-

217 3051 282 3114 eril.
317 3051 392 3113 Nam
412 3049 476 3112 Nox
502 3049 573 3131 quiin
593 3068 649 3132 pro
666 3059 758 3112 matre
783 3049 881 3112 imbita
907 3050 1006 3125 iuuerit,
1031 3050 1158 3113 ‹luiritari
1186 3069 1248 3114 non
1274 3062 1384 3135 potest.

218 3156 318 3237 Neque
333 3153 494 3236 ‹puririquam
509 3152 691 3236 probabilius
703 3152 827 3226 violetur,
843 3172 931 3234 quam
943 3153 1112 3234 copulatum
1128 3173 1195 3215 eum
1211 3173 1245 3215 ea
1260 3148 1386 3219 Σκότον

219 3258 318 3322 luisse.
344 3257 427 3321 Certe
442 3250 568 3320 Σκότον
579 3275 706 3338 persona
723 3256 859 3319 inclutum
871 3256 1004 3319 ridemus
1015 3258 1102 3319 etiam
1115 3257 1192 3338 apud
1205 3257 1385 3340 Sophoclem

221 3363 292 3426 Oui.
316 3362 379 3425 Cori.
403 3381 428 3425 r.
453 3364 510 3435 40,
538 3360 587 3424 ubi
611 3361 715 3424 Furiae
737 3361 877 3424 licuntur
905 3361 936 3422 Γ
932 3357 972 3447 ῆς
996 3379 1033 3423 τε
1059 3354 1118 3424 καὶ
1139 3352 1266 3424 Seritur)
1288 3354 1386 3445 κόραι

221 3466 348 3548 itemque
368 3485 394 3527 r.
417 3465 490 3539 100,
513 3459 636 3540 παῖδες
657 3454 796 3549 ἀρχαίου
818 3455 958 3542 Suntne,
987 3463 1237 3546 quemadmodum
1261 3465 1298 3527 ab
1323 3465 1385 3528 aliis

221 3589 338 3651 quoque
362 3570 471 3632 iactum
496 3588 562 3631 esse
585 3588 622 3631 ex
640 3569 794 3632 Aeschinis
815 3567 972 3632 scholiasta
992 3566 1136 3630 discimus
1155 3586 1184 3649 p.
1203 3568 1265 3629 747
1285 3567 1385 3630 licisb.

223 3673 370 3737 irenaeum
385 3680 483 3736 autem
500 3682 550 3736 aut
561 3673 624 3735 eius
636 3672 823 3755 interpretem
840 3681 873 3735 ot
888 3670 1079 3735 Silentium
1095 3689 1150 3752 pro
1166 3670 1275 3734 Scato
1289 3690 1386 3752 pone·

222 3787 279 3852 ret,
295 3796 356 3840 non
371 3796 429 3841 una
444 3796 530 3840 causa
546 3794 718 3858 permovere
729 3775 840 3856 putuit:
861 3775 922 3838 sire
937 3775 1016 3856 qumi
1032 3772 1184 3855 epitheton
1198 3772 1317 3854 aliquod
1332 3775 1386 3836 ad·

223 3881 315 3944 clitum
330 3890 406 3956 erat,
423 3880 502 3944 uolut
516 3875 651 3966 σιγηλὸς
664 3873 802 3958 Sueuos,
822 3878 884 3942 sivo
903 3878 982 3960 qnod
1005 3894 1067 3940 non
1082 3878 1270 3958 competebat
1284 3886 1385 3958 aptum

156 4041 157 4044 ,
224 3982 396 4047 rombulum
412 3983 545 4058 latinum,
561 3984 702 4066 quoniam
718 3983 899 4046 Tenebrae
913 3992 944 4045 et
957 3980 1072 4063 generis
1085 3979 1216 4042 leminini
1227 3989 1257 4042 et
1271 3979 1387 4044 numeri

223 4086 415 4170 plumbeum,
435 4087 496 4150 sire
515 4087 596 4169 quod
616 4088 661 4150 sic
678 4087 841 4151 euidentior
860 4084 1001 4149 eradebat
1016 4084 1147 4146 comicae
1160 4082 1249 4145 buius
1265 4100 1386 4145 cosmo·

223 4190 327 4273 guniae
348 4209 414 4251 rum
435 4188 576 4269 gnosticis
597 4190 771 4264 similitudo,
791 4189 840 4272 qui
856 4208 911 4272 pro
926 4186 1078 4271 principiis
1095 4179 1214 4250 Boeor
1234 4194 1263 4247 et
1283 4177 1388 4272 Σιγήν

222 4295 459 4380 prosuemnt22).
495 4292 565 4355 Utut
584 4304 644 4368 est,
668 4292 736 4358 inno
757 4312 813 4378 pru
833 4302 913 4358 certo
933 4293 1079 4356 affirmare
1097 4290 1178 4363 lieet,
1203 4289 1292 4364 hanc,
1311 4307 1387 4370 quae

228 4441 525 4456 *ΜΟ*

290 4509 333 4580 22)
352 4511 452 4581 Quanta
464 4512 547 4565 stolio
559 4511 730 4578 gnosticorum
742 4512 882 4568 aduersarii
894 4511 919 4566 iri
932 4510 1046 4579 egerim,
1063 4515 1092 4562 ot
1102 4507 1223 4578 pleraque
1235 4506 1268 4560 ab
1279 4470 1388 4561 omniur
