2962 4808
89 579 188 641 minus
214 578 359 660 perlectos
383 577 557 658 cogitarent.
582 579 631 662 qui
656 579 784 644 (lisinam
806 577 925 661 quidem
944 588 1079 639 naturam
1099 573 1253 645 baberent.

89 683 141 744 serl
157 680 242 763 quasi
258 681 425 743 inchoatam
439 682 660 757 tantmnmorlm
680 682 785 764 iisqne,
799 681 849 763 qui
864 689 935 762 post
949 680 1006 742 orti
1020 689 1131 751 essent,
1146 680 1253 741 rirtnte
1367 699 1371 703 ·

88 793 118 845 et
136 783 278 865 sapientia
297 783 474 846 inferiorem.
504 785 564 848 lana
584 804 652 847 sero
672 784 786 866 capessi
807 784 843 845 ab
864 784 931 845 lom
950 785 1113 863 ceterisque
1131 781 1189 843 aits
1203 780 1250 844 iu-

90 883 222 947 nioribus
236 884 392 965 imperium
408 904 469 948 non
484 886 581 966 potuit
596 886 652 948 nisi
669 886 817 968 prioribus
833 885 962 947 ‹lorrainis
977 884 1114 958 «loricatis,
1129 883 1167 946 iis
1181 884 1250 964 qui·

89 987 156 1049 dem
171 997 262 1063 certe,
284 1007 412 1070 quorum
427 1009 460 1051 ea
475 998 578 1052 natura
592 999 686 1059 esset,
701 999 733 1051 nt
747 1007 807 1051 una
821 1007 889 1049 entra
904 987 988 1049 noris
1002 988 1059 1049 eliis
1075 986 1250 1068 participare

89 1091 192 1154 munuli
213 1091 344 1170 regmen
363 1110 424 1154 non
440 1101 577 1174 possent,
597 1092 649 1154 sed
670 1090 768 1154 alteris
789 1105 887 1152 rerum
903 1089 1004 1170 potitis
1019 1089 1128 1153 alteros
1143 1090 1250 1171 privari

89 1204 234 1275 potestate
259 1213 311 1257 sira
336 1214 459 1258 neeesse
484 1205 571 1258 esset.
603 1196 733 1258 Fuenmt
750 1203 848 1255 autem
869 1209 930 1252 non
951 1210 1055 1254 onmes
1075 1193 1194 1255 Titanes
1213 1213 1250 1255 ex

90 1298 146 1359 boo
169 1314 283 1377 genere.
322 1297 395 1361 Nam
416 1298 552 1361 'l’laemirli
573 1297 689 1379 qnirlem
710 1307 739 1358 et
758 1297 967 1376 blaremospnae
987 1294 1075 1358 etiam
1095 1296 1152 1357 sub
1171 1296 1249 1358 lotis

89 1400 213 1481 imperio
228 1401 325 1463 loeum
340 1401 431 1463 brisso
447 1402 529 1465 laeile
544 1412 677 1483 apparet:
693 1410 723 1462 et
737 1399 876 1461 dicuntur
890 1398 945 1459 hae
958 1397 1045 1460 etiarn
1061 1417 1168 1461 uxores
1182 1399 1247 1460 eius

90 1505 177 1565 tactae
189 1521 265 1575 esse,
282 1503 412 1586 liliasque
423 1524 456 1566 er
471 1523 507 1566 eo
523 1504 683 1586 peperisse.
699 1504 787 1567 altera
798 1502 905 1564 l'arras
920 1510 949 1562 et
961 1500 1067 1575 lloras‚
1081 1502 1170 1565 altera
1181 1503 1247 1565 ΙΙιι-

89 1627 146 1668 sas.
177 1606 277 1687 Neque
289 1607 382 1687 magis
398 1608 547 1670 (lmamnu
563 1607 735 1689 'letbpnque
754 1607 923 1668 mlversatos
940 1604 1002 1666 lori
1016 1616 1246 1669 eonsentaueum

88 1718 141 1782 est,
150 1718 329 1789 testaturque
341 1708 427 1772 etiam
440 1709 597 1789 tbeogonia
609 1710 695 1771 liliam
707 1726 810 1770 eorum
824 1709 941 1788 stygem
950 1708 1010 1769 lovi
1022 1709 1249 1771 corrtral'itanes

89 1833 122 1874 se
140 1812 310 1874 adiunxisse
335 1802 435 1896 pilon
464 1805 523 1873 διὰ
549 1805 659 1896 pq'derr
685 1801 824 1893 πατρός,
846 1810 1249 1883 substentationem·

16 1901 19 1907 ’
88 1933 141 1975 ens
166 1914 279 1975 «ludum
298 1913 450 1976 Titanibus
477 1913 597 1976 devictis
620 1923 649 1976 et
668 1914 698 1976 in
718 1914 873 1976 Tartamm
892 1912 1013 1974 deiectis
1032 1912 1198 1976 habitantes
1219 1913 1249 1977 in
1270 1904 1341 1976 au⁸
1439 1898 1442 1903 ⁴

89 2016 175 2078 terris
190 2017 340 2098 proponit.
363 2015 475 2079 llbeam
491 2016 626 2097 densique,
642 2036 716 2097 qnae
731 2015 909 2078 iraseelmtur
919 2017 1018 2077 Crono
1035 2027 1158 2099 proptor
1173 2016 1249 2079 lilios

89 2138 161 2180 serres
177 2118 345 2191 deseratus,
360 2118 519 2198 lovemque
538 2118 564 2180 ei
579 2119 761 2180 subtractum
777 2118 909 2181 servabat
924 2120 1063 2189 ultorem,
1083 2112 1179 2194 ὅπως
1197 2109 1250 2181 ai-

88 2239 188 2283 oorrro
209 2213 316 2301 ἐρινῦς
336 2214 464 2302 πατρὸς
485 2210 556 2281 ἑοῖο
577 2212 711 2281 παίδων
731 2210 772 2281 θ’
794 2208 850 2295 alig
869 2214 1029 2283 κατέπινε
1042 2214 1146 2303 μέγας
1160 2215 1251 2305 Κρό-

88 2343 143 2397 νος
157 2313 399 2406 ἀγκυλομήτηςΙ
410 2324 451 2396 ³),
467 2340 554 2383 nemo
571 2323 689 2384 ererlere
705 2322 800 2404 potuit
816 2323 942 2404 perlecta
957 2322 1069 2385 ultione
1083 2342 1099 2385 a
1115 2323 1164 2385 tilii
1180 2342 1249 2405 par·

88 2423 168 2487 tibus
183 2423 340 2486 descivisse
354 2431 384 2485 et
394 2417 498 2486 marito
511 2443 543 2486 se
554 2424 738 2488 adiunxisse:
753 2437 931 2508 apparetque
941 2425 1027 2487 etiam
1039 2425 1102 2488 eius
1114 2436 1249 2489 naturam

89 2529 164 2591 ltano
179 2546 260 2601 esse,
281 2545 355 2608 quae
374 2545 517 2607 oppressa
533 2535 562 2588 et
576 2537 688 2589 remota
704 2548 720 2589 a
735 2528 802 2589 lore
817 2526 936 2607 cogitari
952 2529 1032 2591 nullo
1050 2529 1141 2591 ιιιιιιΙο
1159 2541 1250 2611 potu·

88 2631 151 2691 erit.
182 2629 290 2691 Contra
305 2629 434 2690 Cronum
455 2626 538 2690 deliri
558 2629 662 2690 munli
682 2628 806 2710 imperio
825 2648 877 2691 eur
891 2649 1012 2693 necesse
1033 2630 1134 2705 tuerit,
1152 2632 1249 2705 exiis,

88 2751 161 2813 quae
181 2730 425 2812 supradiximus,
440 2738 644 2810 apertumest.
675 2730 770 2793 Etiam
786 2730 925 2812 lapetnm.
941 2732 1085 2813 siquidem
1102 2735 1249 2813 signifiea-

89 2847 136 2898 tur
150 2836 206 2896 boe
221 2834 369 2913 ingenium
385 2833 547 2894 bumanum
564 2832 652 2894 ‹livini
668 2833 781 2914 imperii
794 2833 949 2914 inpatiens
960 2835 1044 2914 eique
1054 2845 1103 2898 ant
1117 2837 1252 2898 ferociter

87 2944 116 2996 et
129 2935 274 3007 audacter,
289 2941 340 2995 aut
353 2933 440 2995 stulte
454 2952 489 2996 ao
502 2941 622 3008 temere
638 2943 688 2996 am
702 2933 802 2996 mllirle
817 2954 852 2996 ar.
862 2935 1061 2998 lramlulenter
1072 2957 1251 3020 repugnans,

88 3038 188 3117 utique
207 3037 436 3118 opprimendum
456 3036 547 3099 luisse
567 3037 744 3119 intelligitur.
772 3037 873 3118 Neque
893 3039 1067 3115 Coearstll’)
1090 3051 1119 3103 et
1133 3042 1252 3104 l'boebe

87 3150 138 3202 aut
152 3140 300 3221 llpperion
316 3149 345 3202 et
356 3138 431 3202 Thia
446 3139 621 3202 videbuntur
634 3140 760 3221 arraplius
776 3142 873 3203 locum
890 3159 977 3202 suram
994 3151 1092 3206 tenere
1107 3144 1251 3225 petuisse,

89 3253 277 3326 posteaquam
299 3243 362 3316 Sol,
377 3243 460 3305 Luna
481 3243 636 3323 stellaeque
652 3244 708 3305 orti
725 3253 819 3316 eraut,
840 3244 889 3325 qui
905 3244 1027 3307 eatrrlem
1043 3265 1110 3308 cum
1127 3247 1182 3309 illis
1198 3266 1252 3310 na·

89 3359 193 3421 tiaram,
209 3346 260 3408 serl
276 3346 311 3407 art
327 3345 415 3419 bunr„
430 3344 480 3427 qui
495 3344 633 3427 ‹leinmps
649 3348 765 3409 inurens
780 3357 851 3417 erat,
866 3347 969 3410 ntunrli
984 3358 1093 3412 statum
1109 3362 1253 3434 attempe-

89 3462 182 3514 ratam
202 3448 356 3522 baberent,
376 3457 408 3511 ut
426 3448 481 3510 illis
501 3466 561 3511 non
583 3449 708 3530 amplius
729 3469 806 3531 «uptus
821 3462 909 3514 esset.
942 3453 1111 3534 &deinque
1126 3455 1184 3518 Crii
1201 3455 1255 3518 luit

89 3553 232 3626 conditio,
254 3562 320 3614 orte
340 3552 486 3633 Neptuno.
518 3551 580 3613 llos
595 3551 683 3632 igitur
701 3572 806 3616 omnes
821 3576 837 3616 a
852 3555 920 3618 lose
934 3556 1071 3619 ‹teteuari
1086 3567 1116 3620 et
1132 3556 1161 3620 in
1177 3559 1254 3621 Tar·

90 3669 184 3721 tarum
200 3654 312 3719 demitti
327 3665 559 3718 consentaneum
575 3655 637 3717 luit.

174 3758 225 3822 llis
241 3757 384 3839 expositis
399 3757 424 3818 si
440 3756 506 3838 quis
522 3756 696 3837 theogoniae
710 3758 747 3821 ele
757 3758 910 3824 Titanibus
925 3780 1090 3844 eorumque
1107 3782 1175 3826 cunr
1186 3764 1255 3826 lore

157 4051 198 4115 45)
209 4047 436 4116 Theogoniam.
456 4047 518 4099 l’ost
527 4045 640 4099 παίδων
649 4062 695 4098 eur
704 4063 731 4100 re
742 4043 789 4110 (θ’)
799 4050 939 4104 ettennon
948 4053 989 4120 sit,
999 4056 1106 4122 exposui
1116 4055 1141 4107 in
1152 4055 1255 4107 ‹lisso-rt.

89 4139 120 4187 tle
134 4136 191 4189 l'als.
205 4137 278 4188 indic.
293 4137 374 4187 laeua.
388 4136 472 4199 tlreog.
486 4134 545 4185 lles.
559 4149 581 4201 p.
596 4133 634 4184 ll.
652 4133 689 4184 15,
718 4133 783 4185 blera
796 4136 872 4187 etium
889 4138 936 4189 sibi
954 4140 1088 4208 aliquando
1105 4142 1129 4194 in
1147 4150 1255 4193 tuentem

89 4222 192 4275 venisse
202 4222 344 4290 Lennepius
354 4221 488 4289 prolitetm·
500 4235 522 4284 p.
534 4219 592 4271 tat.
603 4219 627 4284 ii,
641 4235 721 4286 nequa
733 4227 816 4272 tamen
829 4223 894 4273 setis
906 4229 1053 4293 persuasum
1066 4225 1114 4280 luit
1125 4229 1158 4280 tle
1169 4243 1254 4279 euen-

88 4308 197 4361 rlatiouie
209 4309 327 4361 veritate.

158 4395 214 4462 45³)
228 4396 297 4448 lluno
309 4411 325 4446 ι
336 4393 397 4446 love
408 4394 519 4446 vinetum
531 4399 644 4445 testetur
656 4391 743 4446 Valer.
755 4392 840 4447 Fleee.
853 4396 915 4462 Arg.
928 4397 970 4465 ΙΙΙ,
982 4399 1042 4453 224.
