2962 4808
603 341 805 439 Δ.-

136 534 248 608 Ctraoa,
269 531 407 604 Terram,
427 531 592 608 Tartarum,
607 533 782 616 Cupidinem
798 529 1058 603 eorumomorarit,
1074 527 1302 610 ,top-prinam·-

137 657 195 720 que
215 637 339 701 deorum
358 636 466 701 isidem
487 655 554 700 rum
570 636 672 713 Terra,
690 637 837 701 Osiridrm
859 655 926 700 rum
947 632 1105 716 Cupidine,
1127 632 1303 715 Trpirorum

138 760 205 805 cum
225 741 348 805 Tartaro
369 741 533 824 comparari
553 741 638 817 dixit,
662 742 743 806 addit
761 741 868 804 deiude
890 741 976 803 haec:
1004 731 1243 825 προσκαλεῖται
1265 728 1304 799 δὲ

138 839 196 907 καὶ
222 839 282 907 τὸν
302 835 483 921 Πλάτωνος
509 834 720 927 ἀμωσγέπως
745 839 788 906 ταὶ
811 836 994 927 πράγματα
1014 837 1134 924 μῦθον.
1152 830 1305 902 --‘0

140 943 202 1033 γὰρ
225 940 336 1033 Πόρος
363 938 422 1029 οὔχ
452 940 565 1035 ἕτερός
590 941 663 1012 ἔστι
689 949 749 1012 τοῦ
777 941 913 1034 πρώτον
940 940 1080 1030 ε’ραστσῖ.ι
1107 938 1165 1008 καὶ
1186 939 1306 1030 ἐφετοῦ

140 1047 197 1116 καὶ
217 1043 345 1116 τελείαν
367 1046 425 1115 καὶ
448 1044 639 1137 αι’τάρκσες,
664 1044 788 1117 Πενίαν
809 1045 847 1116 δὲ
867 1046 928 1138 rq'r
950 1043 1231 1137 taquamquam,
1253 1042 1306 1112 ἓν·

141 1152 202 1220 ὁεᾶ
227 1150 288 1237 μὲν
315 1141 415 1219 odona·
442 1146 543 1243 αὐτὴν
568 1148 648 1221 καθ’
676 1149 796 1242 ἑαυτὴν
820 1152 879 1219 τοτ’·
902 1147 1052 1238 ἀγαθοῦ,
1082 1148 1308 1239 ntqpmqu'rqr

142 1253 180 1323 de*
195 1250 255 1323 ὑπ’
278 1251 387 1337 adrui,
410 1255 467 1323 καὶ
490 1257 669 1326 ποθοῦσαν
690 1255 747 1324 καὶ
769 1252 1095 1342 μεταλαμβάνουσαν.
1120 1248 1169 1318 ‘0
1192 1251 1230 1321 da*
1253 1277 1307 1340 γε·

142 1358 277 1444 νόμενος
302 1357 339 1428 ἐκ
365 1357 490 1427 τούτων
516 1359 640 1446 κόσμος
661 1358 717 1427 καὶ
734 1351 834 1447 Ὠρός
856 1354 915 1425 οὖν.
938 1352 1050 1437 ἀΐδιος
1072 1352 1144 1424 odd’
1167 1350 1310 1446 duudrjg

143 1458 215 1530 οὐδ’
240 1457 428 1552 ἄφθαρτος,
452 1459 520 1529 ἀλλ’
544 1458 694 1552 ἀειγενῆ-ς
714 1456 770 1541 dir,
796 1460 979 1551 μηχανᾶται
1004 1465 1078 1540 ταῖς
1098 1460 1163 1526 τῶν
1185 1459 1310 1526 παθῶν

142 1567 344 1652 μεταβολαῖς
365 1564 422 1632 καὶ
445 1563 620 1652 περιόδοις
643 1560 696 1632 det
718 1561 790 1644 νέος
811 1561 870 1629 καὶ
892 1560 1062 1650 μηδέποτε
1086 1559 1310 1652 φθαρησόμε-

144 1693 198 1750 νος
225 1664 402 1752 διαμένειν.
439 1675 568 1753 Apparet
592 1672 721 1752 primum
748 1688 803 1750 pro
829 1665 885 1730 καὶ
908 1655 1008 1751 Ὧρος
1033 1668 1222 1731 scribendum
1243 1688 1311 1728 esse

144 1768 202 1838 καὶ
218 1764 328 1856 ’Ἔρως
349 1782 400 1835 aut
422 1763 461 1848 ὃς
482 1767 540 1836 καὶ
552 1765 731 1858 ’Ίῖραιςῑημ
752 1773 872 1834 Erotem
891 1780 989 1833 autem
1010 1769 1101 1852 arripi
1123 1791 1177 1852 pro
1199 1771 1311 1833 mundo

146 1879 203 1939 lior.
217 1875 419 1957 adspectatrili,
437 1875 487 1957 qui
503 1875 539 1938 ad
556 1884 691 1956 negatam
707 1874 763 1937 aiiii
778 1874 979 1937 aeternitatem
996 1873 1145 1956 peqretuis
1157 1873 1312 1935 oreidrndi

146 1992 176 2043 et
195 1977 335 2042 nascendi
357 1977 467 2040 uiribus
486 1976 709 2059 quodammodo
730 1985 827 2038 tamen
849 1976 994 2059 adspiret,
1015 1996 1091 2058 quae
1112 1976 1313 2058 interpretatio

147 2093 328 2165 quantopere
344 2081 380 2143 ab
396 2102 432 2141 eu
444 2082 597 2164 Cupidine,
611 2101 699 2162 quem
716 2080 798 2142 tuam
815 2078 901 2141 uobis
918 2080 1068 2162 proponit.
1084 2080 1179 2142 aiirua
1195 2079 1243 2151 sit,
1259 2100 1314 2143 ur·

149 2186 257 2249 minem
280 2187 380 2264 sugere
401 2193 508 2265 potest.
540 2184 632 2247 liuius
652 2184 730 2246 enim
752 2184 851 2245 οιαοί»Ι
868 2184 910 2246 ris
925 2193 953 2245 et
970 2193 1072 2246 natura
1089 2184 1125 2245 ad
1141 2182 1232 2245 auimi
1249 2193 1313 2245 tau·

148 2300 210 2350 tum
240 2287 363 2350 iruruani
389 2287 591 2350 ‹zoiuttrtomm
618 2288 741 2369 eiusque
766 2308 897 2350 nmmum
924 2287 1151 2368 puirluitmiiuis
1178 2287 1313 2369 pertinet

150 2389 267 2466 Quodsi
281 2389 348 2471 quis
365 2389 490 2451 inbutam
507 2389 584 2451 iiiam
601 2391 637 2453 dr
652 2400 719 2452 ortu
736 2390 889 2471 Cupidinis
902 2391 1023 2453 l'iatoue
1039 2391 1231 2453 uetustiorem
1246 2411 1314 2451 esse

150 2501 290 2567 autumat,
301 2501 330 2554 et
342 2490 379 2553 ab
391 2493 457 2565 troo,
473 2493 600 2572 neglecta
613 2491 739 2572 genetiuo
751 2493 973 2570 significatione,
989 2512 1045 2554 suu
1058 2493 1182 2556 rousiiio
1194 2513 1315 2556 areom-

153 2596 315 2662 modatam,
341 2593 432 2655 suruit
452 2592 477 2655 is
497 2613 554 2655 suo
574 2594 715 2657 arbitratu
735 2596 814 2675 quod
834 2595 952 2676 probari
974 2596 1049 2657 uuita
1071 2597 1185 2658 rationo
1206 2606 1315 2678 potest.

152 2699 252 2779 Neque
272 2697 350 2760 enim
366 2696 485 2759 Peuiam
506 2707 536 2758 et
550 2697 660 2759 Porum
676 2682 829 2777 Cupidinis
850 2707 989 2778 parentes
1004 2719 1020 2760 a
1035 2718 1185 2779 quoquam
1201 2709 1318 2780 praeter

153 2802 304 2864 Platonem
320 2800 415 2863 dictos
432 2801 574 2872 ridemus,
589 2810 619 2862 rt
629 2800 812 2881 Cupidinem,
828 2801 996 2882 quir-nuque
1012 2802 1256 2880 rusmogonieum
1273 2804 1316 2864 sa·

153 2904 249 2976 ciunt,
269 2911 320 2964 aut
340 2904 426 2965 mdiis
445 2912 496 2964 aut
515 2903 602 2983 iunge
621 2903 744 2965 dirersis
765 2903 937 2983 parentibus
955 2914 1053 2965 ortum
1069 2926 1137 2966 esse
1153 2904 1317 2986 perhibent.

155 3009 191 3070 Et
206 3017 304 3068 tomen
320 3005 528 3085 Seirediugius,
547 3023 639 3086 quum
656 3006 684 3068 iu
702 3007 840 3069 ltruuone
855 3028 883 3088 p.
902 3007 974 3078 185,
995 3017 1056 3068 tum
1074 3008 1102 3068 iu
1119 3008 1193 3069 ldiro
1209 3006 1246 3068 de
1261 3008 1318 3069 diis

156 3109 304 3172 Samothr.
318 3126 346 3188 p.
363 3107 409 3181 12,
425 3126 486 3170 uon
501 3107 642 3170 ‹turrim-u
656 3109 782 3171 simitum
797 3110 945 3190 quandum
962 3108 1126 3171 Platonicae
1143 3109 1255 3172 iniuriae
1272 3109 1319 3173 in·

155 3209 394 3292 terpidationem
416 3209 504 3272 uoltis
526 3230 707 3293 proponere,
727 3212 812 3293 eique
829 3211 990 3293 Orphiram
1011 3211 1154 3292 originem
1175 3232 1320 3285 asserere,

156 3315 320 3397 plaudente,
335 3320 370 3374 ut
384 3330 439 3393 par
454 3321 525 3385 erat,
541 3314 694 3386 Crruzmu,
710 3314 840 3394 Symimi.
854 3314 887 3382 ii,
905 3316 966 3376 369
982 3335 1026 3396 sq.
1042 3325 1071 3376 rt
1086 3316 1133 3385 ΙΙΙ,
1149 3317 1210 3378 dii
1228 3316 1274 3378 ed.
1290 3316 1321 3379 2.

158 3418 283 3482 Ubinam
299 3435 369 3478 vero
385 3415 546 3497 quidquam
562 3416 656 3477 simite
672 3416 713 3477 ut
730 3417 759 3478 in
776 3419 946 3496 [ingruentis
959 3418 1169 3500 ttrptrieurum,
1184 3419 1229 3481 rei
1243 3420 1322 3502 apud

158 3540 335 3604 quemquam
356 3538 474 3593 eorum,
493 3519 544 3600 qui
563 3522 600 3582 de
622 3519 728 3582 trorum
745 3521 849 3583 tabuiis
865 3541 898 3582 ao
913 3521 1027 3603 placitis
1044 3522 1219 3597 retulerunt,
1241 3522 1322 3586 inre-
1346 3537 1378 3589 tu

159 3626 270 3699 niatur,
288 3632 393 3687 neuter
412 3640 516 3684 eorum
535 3640 594 3686 nos
613 3620 707 3685 docet.
737 3622 881 3686 Nimirum
903 3644 994 3705 quum
1017 3644 1109 3707 pauca
1129 3625 1165 3687 de
1185 3627 1324 3708 tirpiriris
1388 3649 1394 3658 ·

161 3732 232 3792 satis
257 3736 409 3809 comperta
428 3726 501 3801 siut,
528 3746 619 3807 eaque
639 3725 703 3807 ipsa
723 3746 739 3788 a
759 3726 907 3808 plerisque
927 3728 1112 3808 ignorentur,
1133 3728 1255 3811 impune
1275 3730 1324 3794 ilio

161 3832 282 3896 nomine
305 3853 338 3894 se
361 3829 441 3893 aimti
462 3849 553 3912 posse
572 3828 749 3893 arbitrantur
768 3831 804 3891 ad
825 3831 974 3912 quandam
995 3841 1126 3895 uetustae
1144 3834 1327 3897 auctoritatis

162 3935 449 4001 commendationem
469 3932 643 3997 commentis
663 3932 725 3995 suis
747 3934 825 4015 apud
846 3933 1000 4016 imperitos
1015 3936 1239 4001 conciliandam.
1269 3939 1328 4000 Sed
1348 3936 1353 3944 '

163 4044 219 4104 lios
240 4041 313 4104 satis
332 4038 464 4102 refutarit
478 4037 613 4100 tilbertus
628 4035 751 4099 Jalmius
767 4037 797 4099 iu
813 4037 1022 4101 dissertatione
1037 4039 1198 4114 Platonica,
1216 4041 1330 4103 Bernae

167 4144 248 4208 1839
260 4143 348 4219 edita,
363 4164 393 4226 p.
409 4142 477 4206 137.
493 4142 561 4205 145.
579 4141 647 4213 150,
662 4138 798 4221 idemque
809 4139 897 4203 etiam
909 4149 1075 4205 ceterorum
1089 4141 1224 4206 omnium
1238 4143 1331 4206 inter·

233 4352 279 4417 33)
299 4353 325 4406 ld
338 4354 386 4406 ian
398 4351 526 4421 Squiriuu
538 4349 649 4401 votuim
662 4364 788 4414 cognosco
801 4366 816 4401 e
827 4348 947 4419 Parthepi
960 4358 1047 4403 annot
1060 4369 1084 4421 p.
1099 4352 1155 4403 103.

209 4438 244 4501 11.
1108 4440 1129 4502 o
