2962 4808
685 365 745 426 177

135 545 236 630 cygnis
251 548 408 626 Venerem,
433 549 501 614 item
516 553 616 634 cygnis
632 552 810 636 Apollinem,
830 551 997 615 Paeonibus
1012 551 1173 626 lunonem,
1192 553 1300 617 draco·

136 652 224 716 nibus
239 651 388 729 Cererem,
403 673 492 738 grypo
506 656 670 731 Oceauurrr,
685 656 892 741 hippocoontis
907 655 980 718 alies
996 657 1068 719 eleos
1083 676 1244 739 aratrorum,
1264 657 1301 720 de
1333 640 1350 702 '-

136 757 244 839 quibus
264 757 402 822 omnibus
416 758 438 822 Ι.
454 759 489 824 11.
505 760 629 825 Vossius
648 760 678 824 in
693 759 825 843 epistolis
841 759 1045 842 rrtrtlrelogieis
1060 760 1131 824 satis
1146 761 1302 844 diligenter

136 861 285 943 exposuit,
305 872 376 927 tom.
393 864 418 927 ll
433 885 478 948 ep.
499 867 639 929 ld-lb.
674 865 718 928 Ne
735 864 836 927 asinos
856 862 973 944 quidem
989 863 1035 927 dei
1056 865 1300 946 dedignabantur.

136 965 209 1028 Nam
225 965 255 1028 in
276 965 425 1047 gigantum
440 967 516 1031 bollo
531 966 692 1042 l'nleanns,
712 967 874 1048 Dionysus,
895 966 991 1047 Satyri
1011 967 1102 1030 asinis
1123 967 1301 1044 insidebant,
1320 981 1335 1033 t

137 1088 263 1150 eruomrn
283 1069 382 1132 ruditu
402 1070 504 1133 hostes
525 1070 617 1133 territi
636 1071 785 1152 aufugisse
805 1072 997 1146 dicuntum:
1017 1082 1047 1134 et
1063 1071 1165 1134 l'estae
1181 1071 1301 1152 ringiui-

138 1182 225 1234 tatem
241 1183 273 1235 ut
287 1171 394 1235 asellus
410 1173 560 1255 quondam
576 1174 665 1237 Sileni
681 1175 846 1249 seruaverit,
862 1174 956 1238 tabula
972 1173 1056 1256 plena
1072 1174 1128 1236 lori
1140 1175 1219 1256 stated
1231 1173 1302 1237 ott-

137 1275 219 1336 dium
238 1273 343 1356 legitur
360 1277 437 1339 l'ast
457 1276 508 1352 t'l,
529 1276 601 1340 321.
632 1276 810 1340 llonestiora
829 1287 899 1341 sunt
917 1277 1024 1341 Dianae
1044 1277 1189 1351 iumenta,
1215 1277 1302 1347 cerri,

137 1398 213 1458 quos
233 1379 380 1460 nymphae
395 1378 502 1441 trifolio
517 1378 632 1441 alebant
645 1399 680 1441 ox
695 1379 789 1443 bortis
804 1379 926 1442 lunonis
941 1379 1095 1460 elemento,
1112 1399 1173 1461 qrro
1193 1380 1302 1460 preludo

136 1481 223 1545 etiarn
239 1481 315 1544 lovis
334 1481 402 1563 equi
421 1481 664 1563 pascebanturil.
704 1482 820 1545 Scilicet
835 1492 897 1545 emt
912 1483 969 1545 boe
987 1469 1083 1565 rideo
1106 1474 1303 1566 ἀμβρόσιον.

138 1586 221 1666 terralo
236 1583 363 1667 Neptrrni
374 1583 485 1666 equisa
501 1584 633 1660 domino,
649 1583 770 1648 lunonis
786 1585 823 1647 ab
839 1585 914 1648 bide
929 1584 1081 1666 proiicitur
1091 1584 1171 1647 iliad.
1184 1583 1218 1659 l',
1231 1586 1304 1647 3119.

138 1688 211 1764 1111,
223 1689 273 1762 35,
287 1686 393 1769 bisque
407 1685 495 1749 etiam
509 1706 525 1750 a
537 1686 689 1749 Simoente
703 1685 895 1760 submittitur,
912 1687 943 1759 l,
957 1688 1030 1763 777,
1045 1687 1109 1768 pari
1124 1707 1214 1767 eruam
1230 1687 1303 1750 deo·

138 1811 204 1855 turn
224 1790 307 1854 cibus
327 1789 450 1854 nomine
465 1780 633 1876 ἀμβροσίη
654 1789 690 1853 ab
706 1789 837 1852 llornero
857 1790 1043 1873 arranllnturn.
1073 1788 1123 1853 ste
1137 1790 1304 1854 arrrbrosiae

138 1914 227 1959 suoeo
239 1905 357 1957 saturos
373 1894 452 1958 Solis
467 1913 560 1976 equos
575 1892 697 1957 Ovidius
713 1892 874 1968 distentet
890 1892 925 1968 ll,
945 1894 1013 1969 120,
1028 1912 1104 1975 «auos
1120 1893 1190 1956 alios
1206 1893 1306 1956 berlais

138 1998 218 2081 enasci
231 1997 363 2062 violemus
382 2007 459 2062 terra
478 1997 563 2061 editis
585 1997 614 2061 in
629 1997 782 2061 beatorum
799 1997 902 2060 insulis
912 2000 952 2074 1).
967 2032 1009 2042 -
1024 1995 1125 2077 neque
1140 1995 1241 2059 nrimrs
1256 2018 1307 2060 ea-

140 2121 192 2165 ues
212 2102 323 2185 passim
344 2102 374 2165 in
394 2102 518 2166 deorum
538 2101 707 2164 ministeriis
728 2110 940 2164 nromorantur.
975 2098 1049 2163 Nam
1068 2117 1106 2162 ne
1125 2099 1162 2162 de
1177 2099 1307 2163 Cerbero
1347 2138 1350 2143 ,

140 2206 249 2283 dicam,
268 2205 404 2270 Plutonis
425 2206 527 2269 ianuae
545 2205 681 2280 custode,
705 2225 794 2288 quem
815 2213 937 2287 prender
959 2205 1072 2266 lorrtrae
1092 2202 1306 2267 intramnitntern

141 2309 186 2372 rix
205 2309 303 2373 adbuc
322 2329 424 2373 canem
445 2309 541 2373 dicere
555 2308 635 2383 lieet,
653 2319 703 2372 ant
721 2308 758 2371 de
776 2327 866 2370 aureo
882 2325 967 2381 osne,
987 2326 1075 2388 quem
1091 2306 1171 2369 llbea
1189 2306 1306 2370 lactenti

141 2412 200 2475 lovi
215 2412 369 2475 custodem
384 2413 575 2493 artposuitll,
590 2412 712 2474 Dianam
727 2410 905 2474 venatricem
920 2414 965 2474 im
972 2407 1144 2476 mortales
1158 2411 1306 2475 eomitan-

141 2527 190 2579 tur
201 2514 351 2578 Molossi
365 2521 372 2559 ¹
384 2518 424 2593 ⁰),
437 2534 473 2577 ex
488 2532 614 2597 quorum
630 2533 755 2578 numero
772 2514 825 2577 luit
839 2514 904 2578 sine
915 2515 1005 2579 dubio
1019 2515 1141 2597 laelaps
1155 2515 1212 2590 ille,
1228 2515 1307 2579 Pro·

141 2617 213 2681 eridi
232 2617 313 2681 dono
334 2617 432 2693 datus,
457 2637 546 2699 «ruem
571 2618 649 2680 nulla
675 2620 734 2682 lora
754 2620 881 2698 elingere
905 2624 1040 2701 poterat¹
1055 2620 1092 2694 ¹).
1113 2652 1150 2664 ·-·
1176 2617 1309 2701 beniqrre
1400 2605 1402 2608 ’

141 2722 218 2785 lovis
233 2722 330 2804 regius
346 2722 419 2798 ales,
435 2739 522 2803 quem
537 2720 563 2782 is
579 2730 696 2802 seeptro
714 2741 769 2783 stro
785 2721 912 2784 insidere
926 2720 1216 2804 patitur,i1rseadeo
1233 2722 1308 2786 deus

141 2845 208 2887 «sse
222 2825 322 2887 blomo
337 2823 483 2886 Lucianeo
499 2822 612 2886 videtur
626 2823 656 2887 in
671 2823 796 2887 deorum
812 2823 937 2887 coneilio
949 2844 1012 2905 cal».
1029 2824 1059 2888 8.

228 2926 312 2989 atiud
331 2933 428 2987 autern
449 2942 541 3005 genus
560 2936 605 2988 est
623 2925 784 2989 bestiarum
801 2925 1017 3001 fabulosarum,
1040 2946 1114 3008 quae
1135 2945 1211 3002 non,
1232 2927 1310 2991 sieut

75 3035 77 3041 '
143 3027 219 3102 illae,
238 3027 417 3107 quotidianis
433 3025 555 3090 deorum
571 3027 742 3090 ministeriis
758 3027 917 3091 destinatae
931 3039 960 3091 et
976 3037 1114 3109 tanquam
1128 3028 1309 3092 domesticae

96 3125 99 3132 “
143 3139 227 3202 sunt,
249 3129 301 3191 sod
319 3131 396 3191 lerae
412 3129 615 3210 immanesque
630 3128 754 3203 belluae,
774 3148 897 3211 quarum
918 3130 987 3192 alias
1004 3131 1094 3193 rebus
1109 3130 1241 3211 locisque
1257 3150 1308 3192 sa-

143 3229 201 3294 oris
222 3230 360 3294 custodes
380 3250 396 3294 a
417 3229 473 3294 diis
491 3230 604 3313 positas
627 3230 760 3295 ridemus
779 3232 816 3295 ad
841 3232 985 3298 arcendos
1008 3232 1178 3297 mortalium
1201 3231 1310 3306 aditrss,

214 3506 239 3570 bl
253 3506 382 3560 Eratostb.
399 3515 488 3561 alost
507 3526 528 3561 e.
544 3509 583 3561 11.
611 3509 696 3562 Sebol.
710 3508 828 3563 cenosa.
840 3511 912 3564 brat.
926 3529 949 3581 n.
960 3513 990 3564 51
1005 3511 1076 3564 llulrl.
1089 3510 1183 3580 llygin.
1195 3511 1225 3563 Ρ.
1237 3512 1268 3563 Α.
1280 3507 1312 3578 11,

145 3592 188 3645 23.
213 3593 341 3662 blytbogr.
353 3593 424 3646 Rom.
437 3593 457 3660 l,
469 3596 508 3648 11.

213 3680 239 3744 7)
252 3679 395 3731 callimach.
408 3681 431 3732 b.
449 3680 597 3733 lobiens.
613 3681 670 3733 tut.
681 3708 717 3721 -
733 3681 850 3734 Ceterum
864 3682 1014 3737 Callimacho
1030 3685 1100 3737 cerri
1113 3684 1222 3749 illusae,
1239 3699 1313 3752 qnam

146 3765 241 3817 launum
253 3781 311 3816 esso
324 3764 462 3830 statuebat,
474 3766 590 3834 hortique
603 3765 717 3833 lunonis,
730 3784 793 3836 quse
806 3769 935 3821 melisius
947 3770 1016 3821 seris
1028 3771 1075 3822 des
1086 3778 1137 3836 est,
1149 3769 1315 3838 symbolis-sna

146 3852 200 3903 sius
213 3850 287 3903 dubio
300 3850 507 3917 significationen
519 3851 619 3904 babent
676 3884 679 3889 «

214 3940 240 4005 ὃ)
253 3938 377 3991 Alexand.
390 3937 475 3990 betol.
486 3935 531 4007 hp.
542 3938 665 3992 Athenae.
677 3936 723 3992 Vll
734 3936 820 4007 11296
831 3936 862 3992 li.
875 3938 908 3991 rl'.
921 3939 1031 3994 bleiseio.
1045 3941 1163 3996 micet
1176 3943 1317 3998 Alexandr.

147 4041 171 4093 p.
181 4024 239 4077 ²³8.

215 4112 240 4178 o)
252 4112 344 4165 Antea.
356 4110 441 4164 Liber.
454 4118 552 4164 meten.
565 4126 591 4162 ο.
603 4109 645 4163 att.

218 4198 258 4265 10)
272 4197 401 4251 Claudios.
414 4194 510 4263 xxtv,
523 4195 583 4248 223.

107 4286 109 4291 ’
219 4283 259 4350 ll)
273 4285 346 4337 uvtt.
363 4283 425 4339 blot.
445 4281 503 4349 vn,
521 4281 581 4335 ibi.
605 4280 725 4351 liniml.
742 4281 804 4349 1811,
819 4283 860 4352 qui
876 4282 953 4337 alian
970 4284 1002 4338 de
1019 4286 1066 4338 lsoe
1084 4286 1318 4359 tastamentum

148 4377 271 4424 memorat
283 4371 308 4424 in
320 4371 349 4423 Ρ.
361 4370 392 4424 Α.
405 4366 489 4437 1135.

158 4515 160 4517 ,
186 4456 224 4524 n
512 4547 513 4550 Ὺ
1075 4463 1115 4526 12
