2962 4808
688 473 747 538 aas
801 563 817 572 ι

136 661 281 723 Nimirum
301 661 372 725 baec
392 661 446 726 luit
464 664 617 746 praecipua
633 666 720 729 buius
735 665 847 729 belluae
861 664 1042 744 aliarumque
1058 661 1199 725 similium
1213 680 1300 724 eom·

88 808 90 813 .
136 763 321 826 memorandi
342 782 445 839 causa,
464 766 543 846 quod
563 767 789 831 celebratissima
813 769 843 830 in
859 765 965 829 lalrulis
981 775 1066 827 erant
1081 763 1214 827 llerculis
1230 783 1299 825 cunr

138 864 172 926 iis
188 866 360 941 condamina,
378 886 505 948 quorum
526 870 654 950 primum
676 881 778 934 contra
793 869 970 932 Nerrrcaeunt
989 868 1104 930 leonem
1121 867 1184 930 luit
1216 869 1300 929 tiete-

137 989 203 1032 runt
222 970 259 1031 de
278 971 488 1035 oechanriuibns
508 973 654 1055 rebusque
673 973 763 1055 gestis
783 973 915 1036 llercubs
935 991 1010 1054 aquae
1028 972 1140 1035 lalrulne
1156 975 1299 1044 feramur,

136 1090 197 1135 non
214 1091 273 1135 uno
290 1094 394 1137 onnms
410 1075 500 1138 rarodo
515 1075 759 1159 interpretandas,
776 1095 871 1157 neque
885 1077 1010 1138 eandem
1028 1075 1058 1136 in
1074 1074 1212 1138 orrarribns
1229 1090 1299 1154 per·

137 1193 242 1237 aonam
254 1176 386 1241 llerculis
401 1188 430 1240 et
445 1179 688 1259 significationem
704 1202 770 1243 esse
786 1179 856 1242 satis
871 1188 996 1241 corastat.
1023 1178 1112 1240 blodo
1127 1177 1206 1240 enirn
1224 1176 1299 1256 phy·

136 1278 241 1353 sicam,
261 1280 353 1343 modo
372 1281 511 1357 ethicam,
531 1283 622 1346 rnodo
642 1283 730 1347 etiam
750 1281 921 1346 historicam
941 1281 1088 1361 quandam
1103 1281 1248 1343 rationem
1263 1278 1300 1340 iis

137 1380 262 1444 subesse
288 1382 430 1447 ridemus.
462 1385 498 1447 Et
523 1385 693 1448 historicam
720 1384 839 1466 quidcrn
865 1382 941 1444 banc
960 1381 1079 1461 intelligi
1100 1382 1181 1456 solo,
1206 1398 1299 1461 equuus

136 1501 210 1562 quae
228 1484 440 1565 antiquissimis
461 1487 645 1568 temporibus
661 1506 677 1550 a
693 1486 799 1567 priscis
814 1485 986 1549 lrorraiuibus
1000 1494 1082 1564 gesta
1096 1493 1183 1564 atque
1198 1484 1299 1545 ellectu

136 1594 233 1659 erant,
252 1587 287 1648 ad
309 1606 401 1650 unuin
422 1587 641 1651 nobilissimum
662 1590 797 1662 heroem,
817 1587 867 1669 qen
887 1596 1028 1668 tanquam
1044 1583 1171 1647 universi
1185 1583 1301 1664 generis

136 1704 294 1765 personam
309 1691 477 1763 sustineret,
491 1692 671 1752 referuntur:
687 1691 765 1753 selut
780 1708 870 1770 eperum
887 1688 917 1750 in
932 1707 1003 1768 agro
1019 1687 1232 1750 l‘lrencatarum
1247 1703 1301 1746 ou·

137 1788 222 1851 rricrtli
243 1800 344 1853 essent
359 1791 525 1854 derivandis
539 1792 625 1872 aquis
640 1791 858 1854 eaurrdantrbus
873 1787 1079 1869 antiquissimo
1095 1804 1184 1868 opere
1198 1785 1302 1855 effecti,

136 1891 192 1952 lars
219 1891 371 1954 cuniculos
397 1893 560 1955 l'bencatae
585 1894 621 1954 ab
645 1892 769 1954 llerenle
794 1895 922 1952 ellbssos
947 1909 1016 1951 esse
1042 1886 1302 1962 autunrabant³⁹p

137 1992 259 2073 l‘bysiea
280 1993 354 2055 ratio
374 2003 434 2067 est,
455 2014 547 2075 «parram
568 1995 624 2056 snb
641 1993 772 2056 llorculis
788 2009 915 2073 persona
932 1991 974 2053 vis
990 1992 1084 2073 aliqua
1099 1987 1240 2052 riaturalis
1255 1987 1302 2050 in·

138 2094 264 2168 otientur,
284 2115 358 2176 quae
377 2116 451 2177 quas
473 2096 502 2157 in
523 2115 620 2159 rerum
643 2105 745 2158 tratrem
761 2095 938 2157 titulationes
953 2094 1056 2164 ellieit,
1076 2094 1149 2155 hace
1164 2101 1303 2171 tanquam
1371 2144 1375 2151 .

137 2206 218 2273 gesta
233 2197 332 2259 herois
347 2207 516 2260 narrantur:
533 2198 609 2260 seint
623 2197 748 2279 plurima
761 2195 894 2259 llereulis
910 2215 1001 2276 opera
1015 2195 1051 2258 ad
1067 2195 1166 2257 Solem
1183 2193 1305 2274 eiusque

137 2300 259 2360 ellectus
279 2318 398 2361 scrrrmro
419 2299 481 2362 inre
500 2303 680 2374 retiruntur,
704 2300 741 2360 de
761 2317 888 2380 quornm
910 2315 970 2359 urro
990 2315 1046 2358 nos
1067 2315 1185 2378 quoque
1203 2296 1303 2377 paullo

138 2400 212 2462 iulia
237 2400 430 2464 disseremus.
467 2403 598 2466 Etbicanr
625 2403 751 2483 deniqne
778 2402 882 2465 tabulis
909 2400 1054 2465 rationem
1080 2400 1206 2461 subesse
1226 2398 1304 2465 dico.

139 2521 230 2582 aquitan
257 2501 326 2581 quid
354 2502 443 2564 virtus
464 2502 592 2567 bumana
612 2504 709 2586 possit
729 2503 859 2566 llorculis
879 2503 1014 2584 erornplo
1034 2502 1215 2577 ostenditur,
1242 2520 1302 2581 quo

139 2601 263 2684 pertinet
286 2601 398 2682 aquilae
414 2603 582 2668 l‘rornetbei
603 2605 781 2680 interiectio,
807 2605 890 2668 errius
911 2607 999 2670 etiarn
1020 2605 1176 2686 theogonia
1195 2624 1221 2667 r.
1240 2604 1304 2666 5⁶26

140 2726 204 2786 sqq.
222 2705 400 2769 irreptionem
418 2708 494 2779 lacit,
511 2709 663 2791 ipsiusque
679 2709 846 2773 Proicietbei
862 2709 1003 2773 liberatio.
1031 2709 1104 2772 lb'arn
1122 2717 1213 2771 totam
1227 2709 1304 2770 bane

102 2880 104 2884 ,
140 2809 264 2872 liubulam
277 2811 483 2873 Prornctbeam
496 2832 556 2876 nem
568 2813 718 2895 physicam
731 2832 827 2894 nequo
838 2812 1017 2885 historicam,
1032 2813 1083 2874 sed
1097 2812 1304 2875 tantummodo

139 2913 264 2974 ethicam
280 2911 523 2993 signiticationetn
539 2915 646 2979 babere
661 2916 859 2979 certissimum
875 2925 928 2978 est.
956 2917 1014 2980 Sed
1031 2917 1060 2978 in
1072 2926 1225 2998 poetarum
1237 2935 1303 2978 ear·

138 3016 282 3091 minibus,
303 3035 430 3097 equorum
447 3018 574 3080 artanime
588 3018 657 3081 olim
674 3019 817 3082 celebrata
833 3019 886 3082 luit
900 3019 1037 3083 llcraclea
1052 3019 1201 3094 l'isandri,
1216 3019 1303 3082 item·

141 3138 198 3200 qim
224 3118 254 3181 in
281 3121 563 3201 nqthograpborunr
589 3121 685 3195 libris,
712 3142 746 3184 ex
773 3122 880 3204 quibus
906 3122 1077 3203 plenissime
1099 3143 1148 3187 res
1168 3122 1305 3186 llercnlis

139 3223 337 3304 llpohodorus
352 3226 551 3306 persequitur,
572 3228 645 3290 baec
659 3228 713 3290 tria
728 3247 834 3308 genera
851 3227 1010 3290 tabularum
1027 3225 1212 3290 andtilariam
1229 3226 1307 3288 inter

140 3346 172 3388 sc
192 3326 280 3389 nriata
301 3338 329 3389 et
344 3330 467 3391 conlnsa
483 3329 624 3407 siclernus,
640 3341 745 3412 estque
760 3350 972 3412 saepenumero
988 3329 1191 3394 dillicillinrunr
1206 3329 1243 3392 ad
1258 3329 1306 3392 di·

140 3429 342 3503 iudicandum,
369 3431 485 3494 cuinam
511 3452 643 3515 «peraeque
668 3433 762 3496 saltada
789 3435 886 3514 generi
908 3435 1086 3498 accensenda
1107 3434 1160 3505 sit,
1186 3442 1215 3495 et
1235 3444 1308 3496 sunt

140 3532 237 3609 etiam,
252 3553 375 3615 equurrm
390 3534 633 3618 significationem
648 3558 682 3602 ex
698 3537 816 3620 plqsica
832 3549 860 3600 et
874 3538 1012 3601 historica
1028 3537 1147 3601 oriamur
1163 3535 1307 3599 dicereti-

140 3647 217 3712 ceat,
242 3657 332 3719 equum
353 3659 401 3703 res
423 3651 521 3721 gestae
541 3641 708 3724 priscorum
729 3640 884 3704 lrorninurn
905 3641 1021 3704 llereuli
1042 3640 1224 3718 tribuuntur,
1244 3660 1306 3704 non

141 3752 239 3805 tamen
259 3753 292 3806 ut
311 3752 407 3824 gestae
426 3754 522 3818 erant,
549 3744 736 3827 propriisque
754 3744 851 3808 serbis
871 3753 1034 3820 enarratae,
1057 3746 1109 3809 sed
1129 3744 1308 3827 ianaginibus

142 3845 296 3910 insolutae.
327 3847 459 3929 Propriis
476 3847 573 3911 serbis
595 3847 753 3910 utebantur
768 3848 944 3922 Pheneatae,
964 3867 1055 3929 quum
1076 3847 1217 3912 effodisse
1231 3849 1309 3912 ller-

143 3950 236 4015 etdem
252 3950 404 4016 cuniculos
419 3950 566 4029 dicebant;
581 3968 635 4034 per
649 3949 791 4033 imagines
803 3969 865 4014 rem
878 3968 939 4013 nou
952 3950 1115 4014 absimilem
1127 3952 1225 4034 Argiai
1236 3972 1309 4018 nar·
1385 4017 1387 4021 ,

141 4055 258 4131 rabant,
279 4074 370 4139 quum
386 4055 563 4120 Nemeaeum
577 4054 692 4118 leonem
708 4053 744 4117 ab
759 4053 883 4118 llereule
898 4051 1044 4118 domitum
1059 4052 1206 4121 dicebant
1234 4056 1309 4121 Nam

141 4159 215 4226 baec
228 4159 293 4226 sine
307 4159 397 4226 dubio
413 4157 632 4245 simplicissima
645 4155 830 4242 mariumque
844 4157 1006 4242 prohabdis
1018 4157 1133 4225 tabulae
1143 4159 1311 4245 explicatio,

211 4477 257 4545 aa)
276 4476 384 4532 ram.
398 4474 461 4546 vur,
474 4474 589 4546 reas
612 4477 653 4532 cr.
664 4475 972 4549 nortmannus
988 4479 1104 4632 mta'
