2962 4808
662 275 700 336 41

104 482 205 546 nyes,
225 463 397 546 Gigantes
417 467 661 549 nymphaeque
679 465 815 540 ileliae,
834 465 871 527 de
891 463 999 547 quihus
1018 461 1087 525 aiibi
1101 462 1269 526 accuratius

104 566 267 650 disputari⁴
277 573 321 646 ²),
340 579 369 633 et
388 571 607 634 demonstrasse
622 569 694 633 utiiti
709 570 824 643 uideor,
843 569 989 651 nymphas
1004 567 1066 630 ilias
1082 567 1268 630 fraxinorum

102 691 177 745 esse,
191 691 226 733 er
240 671 349 752 quibus
368 674 481 754 generis
501 674 620 737 htunani
641 684 739 736 ortum
755 683 866 735 veteres
882 672 1062 753 repetierint,
1077 671 1270 753 gigantesuue

102 773 174 835 iteru
200 774 369 848 itoutiuunt,
395 777 445 858 qui
470 795 551 839 nunc
569 777 681 849 riruut,
703 776 981 858 progenitorem),
1006 775 1146 856 Eriupum
1166 785 1267 838 autetu

102 873 188 937 istam
209 877 428 955 generationem
447 877 484 940 m
499 879 673 960 theogoniae
687 878 889 959 compositore
905 876 1005 937 nriuus
1020 877 1204 940 wrrsiderate
1219 879 1267 941 hic

102 977 221 1040 relatam
237 999 313 1054 esser,
328 988 362 1042 ut
375 998 450 1061 «puae
469 980 614 1043 rationem
635 980 740 1042 habeat
757 979 795 1040 ab
815 978 869 1040 iata
889 980 926 1040 de
940 979 1033 1041 hichie
1048 989 1076 1041 et
1091 979 1267 1060 Gigantibus

102 1080 198 1144 sabula
213 1082 300 1162 iunge
315 1082 468 1157 diuersam,
479 1102 571 1164 qutun
588 1083 760 1164 praesertim
775 1102 851 1162 «puae
865 1082 921 1144 alio
937 1083 1111 1163 theogoniae
1123 1083 1188 1145 ioco
1201 1105 1267 1146 tue

101 1193 256 1246 morantur
270 1184 410 1247 Poenae
425 1183 581 1270 (Κῆρες),
601 1185 701 1248 h'octis
722 1185 810 1257 tiliae,
830 1185 947 1246 eaetieur
963 1204 1030 1247 cuur
1047 1185 1182 1266 Erinysin
1198 1207 1268 1250 esse
1357 1263 1362 1273 ι

103 1283 265 1359 rideantur,
285 1285 351 1348 iicet
370 1304 431 1348 non
450 1287 632 1369 appeiieutur
651 1286 690 1349 ibi
711 1289 769 1349 iroo
787 1286 918 1348 notuiue.
937 1319 979 1332 -—
1000 1288 1146 1350 litimerus
1166 1288 1266 1352 bieiias

100 1388 246 1467 nymphas
263 1405 408 1468 nusquam
425 1398 585 1452 nterttorat:
605 1389 761 1468 Gigantum
779 1389 959 1451 mentionem
977 1389 1060 1451 iacit*
1072 1394 1100 1465 1)
1116 1401 1148 1452 ut
1163 1392 1267 1472 popuii

101 1506 163 1551 uon
185 1488 273 1551 nimis
293 1489 383 1569 longo
404 1498 471 1552 aute
489 1489 596 1552 bciiurn
612 1489 775 1552 Troianum
793 1499 926 1570 teumore
942 1499 1064 1571 propter
1079 1490 1267 1555 insolentiam
1383 1521 1386 1525 ¹

100 1600 129 1653 et
149 1590 320 1653 iniustitiam
341 1590 509 1673 interempti
524 1610 583 1655 una
598 1611 665 1654 curu
681 1611 748 1672 rege
763 1591 995 1672 Eurymedonta,
1011 1592 1095 1653 cuius
1111 1593 1167 1654 titia
1183 1593 1267 1656 Peri·

101 1692 174 1755 boen
189 1713 223 1755 ex
239 1693 376 1775 Neptuno
388 1692 583 1757 Nausithoum
599 1695 757 1776 pepererit,
771 1701 883 1772 patrem
899 1691 1023 1766 hicinoi,
1038 1694 1204 1758 Phaeacum
1219 1715 1268 1759 re·

101 1795 155 1877 gis,
169 1795 232 1858 eius
247 1796 297 1877 spui
314 1795 425 1859 Ulixem
442 1795 572 1877 hospitio
587 1796 708 1876 excepit
738 1793 881 1857 Dicuntur
895 1805 992 1857 autom
1006 1795 1143 1876 Gigantes
1159 1799 1269 1878 pariter

100 1909 187 1979 atque
198 1898 340 1980 Cydopes
354 1909 384 1962 et
394 1898 540 1962 Phaeaces
555 1899 651 1974 θεοῖς
661 1889 801 1981 ἐγγύθεν
815 1882 918 1972 dem,
936 1898 964 1959 h.
980 1918 1005 1960 e.
1025 1899 1193 1981 propinqua
1213 1920 1268 1963 co·

100 2001 238 2081 guntione
252 2002 325 2064 cleos
340 2001 500 2082 attingere*
510 2004 549 2078 ³),
564 2000 593 2063 id
609 1999 688 2082 quod
701 1999 843 2080 originem
860 1999 967 2062 horum
981 2000 1069 2063 trium
1085 2003 1267 2084 poptdorum

100 2121 161 2165 uon
187 2103 309 2166 eandem
330 2121 418 2185 quam
439 2102 619 2183 reliquorum
640 2103 795 2166 bominum
814 2102 943 2166 indicare
962 2105 1084 2169 ridetur.
1114 2106 1175 2168 hm
1197 2127 1266 2171 cero

99 2225 174 2287 «puae
188 2207 360 2288 Gigantibus
380 2206 465 2288 origo
483 2207 520 2271 ab
537 2206 665 2269 Hesiodo
686 2206 835 2281 tribuitur,
853 2229 871 2267 e
886 2207 1004 2271 castrati
1018 2207 1097 2272 Goeii
1112 2211 1266 2291 sanguine,

99 2308 201 2372 eadent
217 2309 400 2374 Phaeacibus
421 2309 457 2373 ab
472 2310 578 2372 Alcaeo
598 2319 627 2372 et
640 2311 776 2373 housiiao
799 2310 906 2373 tributa
926 2321 986 2386 est;
1006 2331 1157 2395 «patratuque
1177 2333 1266 2379 causa

99 2412 177 2475 nulia
193 2413 244 2489 eit,
263 2412 423 2495 quantinus
438 2413 514 2475 banc
528 2430 590 2475 retu
606 2432 640 2475 ex
655 2413 776 2477 vetustis
789 2414 893 2477 initulis
908 2415 1027 2496 petitam
1044 2417 1213 2492 crethmos,
1229 2419 1266 2481 ti·

101 2514 191 2587 cobit,
207 2516 329 2598 opinor,
343 2514 497 2597 suspicari,
511 2514 634 2577 eandem
649 2515 737 2578 etiam
752 2516 882 2579 homero
896 2524 999 2578 uotam
1015 2516 1115 2592 iuuisse,
1129 2520 1265 2599 quanaris

100 2634 195 2699 neque
211 2617 306 2699 ipsam
322 2618 430 2680 diserte
445 2626 668 2692 commemoret,
683 2629 712 2682 et
726 2638 763 2682 ne
777 2619 855 2683 coeti
871 2618 990 2700 quidem
1005 2620 1120 2683 castrati
1136 2623 1265 2686 mentio·

100 2738 168 2783 nent
183 2720 270 2783 uiiam
287 2721 380 2784 iaciat.
410 2721 464 2784 list
476 2721 555 2782 enim
570 2737 617 2783 res
631 2740 667 2783 ex
681 2741 782 2786 earum
797 2741 917 2805 genere,
937 2722 974 2785 de
988 2722 1096 2804 quibus
1110 2724 1265 2809 lautique·

100 2843 187 2904 quarn
204 2832 264 2887 tuta
280 2823 319 2886 sit
332 2842 368 2886 ex
383 2822 499 2886 silentio
514 2821 682 2888 coniectura
692 2831 705 2869 ⁴
715 2827 755 2902 ὓ).
781 2825 830 2888 Sic
844 2825 933 2908 igitur
946 2826 1033 2890 etiam
1046 2827 1189 2910 Cyclopes
1201 2829 1266 2892 iio·
1311 2881 1312 2885 ,

105 3033 222 3042 --·»-
243 3034 342 3043 ·-.---
375 3034 401 3042 --ι

169 3168 212 3232 42)
226 3167 251 3220 lu
265 3169 367 3222 dissert.
379 3169 411 3220 de
424 3167 537 3237 nymphis
550 3166 643 3232 hieiiis,
657 3166 806 3232 Gigantibus
819 3176 845 3220 et
856 3168 984 3237 Erinysin.
996 3185 1054 3220 ann.
1071 3167 1135 3221 tete
1148 3171 1226 3225 edita.

170 3255 212 3320 iii)
226 3255 251 3307 in
264 3255 322 3307 uiiis
335 3255 486 3307 cartuiuihus
499 3253 608 3305 iiesiodn
621 3253 757 3318 adscriptis
770 3248 880 3325 Itportie
892 3256 1090 3322 merrtorahatur,
1107 3257 1228 3311 Aetheris
1239 3267 1267 3312 et

102 3342 156 3394 iiiei
170 3343 246 3408 iiiios,
260 3343 360 3413 (Etyut.
372 3342 406 3394 Μ.
421 3357 443 3408 p.
454 3341 513 3405 215,
526 3339 581 3404 di),
594 3355 666 3407 quern
679 3339 720 3391 aix
734 3340 843 3392 dubitari
857 3349 941 3407 potest
952 3345 1011 3410 quin
1024 3344 1128 3410 primast
1140 3345 1266 3399 bominum

100 3437 230 3495 parentem
247 3447 305 3482 case
319 3428 454 3482 coluerint.
478 3427 528 3479 Sed
545 3426 665 3478 eiustuodi
679 3427 845 3493 discrepantia
859 3428 883 3479 in
898 3437 967 3481 tanta
980 3431 1162 3484 diesiotieoruru
1174 3434 1268 3487 carati·

101 3534 158 3570 utuu
175 3517 300 3569 vadente
320 3515 410 3569 nemini
427 3515 490 3567 mira
502 3513 647 3576 videbitur„
659 3513 695 3565 be
707 3513 848 3579 gigantibus
861 3523 944 3568 autem
957 3518 1128 3572 nemorabdis
1140 3521 1212 3574 ierus
1224 3530 1267 3575 est

98 3603 123 3655 in
135 3603 275 3670 iragtttcuto
287 3603 419 3656 Pindarico
433 3617 513 3668 nuper
524 3617 538 3653 a
548 3601 738 3653 Schneidewino
750 3602 827 3667 edito,
839 3601 962 3670 Phiioiog.
972 3602 991 3673 i,
1003 3605 1019 3655 ³
1031 3619 1053 3671 p.
1064 3605 1123 3670 437,
1135 3607 1178 3659 ubi
1190 3625 1266 3677 queat

98 3691 184 3743 variae
197 3692 228 3743 de
241 3692 319 3758 prima
331 3691 455 3743 hominurn
465 3689 563 3755 origine
572 3687 670 3740 iabuiae
680 3697 886 3757 percenscautnr,
900 3707 965 3742 anus
974 3707 1070 3758 eeruaa,
1082 3686 1131 3751 οὓς
1139 3688 1200 3747 Γαῖ’
1213 3690 1266 3750 ἄν·

98 3775 170 3833 daras
183 3773 291 3852 πρώτα,
304 3780 450 3848 Alcyoneus
462 3785 511 3843 est,
525 3771 714 3848 πρεσβύτατος
725 3770 874 3844 γιγάντων.

166 3865 208 3930 ii)
222 3866 269 3918 Gi.
283 3865 335 3930 vlt,
348 3865 441 3933 bbaqq.

89 3984 106 3993 ··
167 3952 209 4017 to)
228 3952 275 4004 ot.
290 3950 359 4017 Vbii,
376 3952 434 4003 ²05.
446 3950 571 4003 Phaeaces
584 3944 729 4020 ἀγχίθεοι,
743 3949 791 4003 ot.
803 3950 833 4019 V,
846 3951 893 4017 35,
905 3953 972 4022 qaod
985 3953 1093 4008 Vossius
1111 3957 1188 4020 edita,
1206 3960 1266 4013 utta

98 4036 197 4091 wau.
208 4055 229 4092 s.
239 4039 329 4091 Sched.
343 4038 399 4090 crit
410 4036 430 4090 ii
444 4052 468 4104 p.
478 4035 614 4088 292aiiter
625 4038 734 4103 accepit:
753 4053 865 4091 secura
878 4038 1039 4095 felicitate
1051 4043 1115 4097 diis
1127 4046 1266 4101 aiatiies:

96 4126 147 4189 (aa
159 4125 294 4194 norgiaser
304 4123 501 4192 Gidchaeb‘gheit
511 4123 560 4176 dea
574 4121 682 4177 Gd'ttera
694 4127 786 4189 aude.)

165 4211 208 4276 46)
227 4210 305 4264 Valet
316 4211 347 4263 de
360 4211 398 4262 his
412 4210 544 4262 Strabonis
556 4209 685 4277 iudiciuae,
698 4213 812 4278 qnanris
823 4214 855 4265 ab
867 4213 922 4280 ipso
935 4231 985 4267 noa
998 4225 1068 4269 reete
1081 4235 1182 4287 semper
1192 4221 1265 4272 adhi-

98 4295 188 4361 bitaaa,
205 4295 292 4364 Xii,³
305 4296 373 4363 pii
389 4294 514 4349 'Paacbnn
537 4291 567 4348 ri
579 4291 620 4366 μὴ
638 4290 788 4368 ὀνομάζειν
808 4297 839 4354 di
857 4298 949 4354 πολλὰ
968 4303 1024 4356 raia
1043 4309 1196 4379 γνωρίμων
1212 4301 1266 4362 ntia
