2962 4808
202 527 351 613 opinionis
367 528 397 590 in
414 528 470 591 bac
480 526 655 608 theogonius
667 528 885 609 compositione
899 526 1007 592 indicia
1017 530 1139 612 reperiri
1158 532 1224 596 alibi
1241 533 1365 597 demon·

203 631 368 695 stravimus.
382 636 389 674 ¹
402 633 456 708 Η’).
487 629 598 712 Neque,
620 630 743 712 opinor,
763 630 943 693 abhorrebat
961 632 1049 696 buius
1070 634 1244 716 theogoniae
1265 647 1367 700 auctor

203 737 240 799 ab
255 754 289 798 ea
305 732 462 808 sententia,
477 733 508 796 in
523 753 580 815 qua
595 733 790 816 Empedocles
807 733 898 797 luisse
913 734 1035 810 dicitur,
1056 737 1106 819 qui
1127 739 1206 802 bunc
1221 741 1367 804 mundum
1424 725 1426 731 ’

202 848 314 921 partem
329 837 537 901 tantummodo
553 837 645 900 totius
661 836 790 901 uniuersi
806 857 873 900 esse
889 838 1043 914 statuebat,
1058 851 1138 904 extra
1152 843 1298 906 mundum
1313 863 1368 907 au·

202 955 260 1006 tent
281 933 383 1028 ἀρχὴν
405 942 466 1005 sire
486 932 589 1028 rippale
609 933 705 1028 tsstpt
719 944 748 1018 ³)
779 940 853 1004 b'arn
869 941 948 1023 quod
964 940 1005 1004 illi
1020 933 1095 1028 etp,
1118 945 1176 1007 boo
1194 946 1369 1028 theogoniae
1434 1007 1435 1010 ,

202 1046 313 1111 auctori
328 1047 419 1111 cbaos
433 1056 505 1111 erat.
536 1046 578 1110 lix
594 1048 649 1110 bac
664 1046 751 1127 igitur
766 1055 848 1129 parto
864 1044 937 1121 cbai,
952 1065 1026 1128 «puae
1041 1056 1110 1128 post
1125 1048 1252 1113 emissos
1268 1071 1304 1115 ex
1319 1072 1368 1115 se·

202 1161 263 1216 met
278 1151 400 1215 'lorratn
421 1164 450 1216 et
470 1150 644 1234 Cupidinem
664 1151 777 1233 reliqua
796 1161 871 1226 erat,
893 1158 995 1233 postea
1015 1151 1139 1214 excitato
1159 1153 1245 1217 etiam
1266 1155 1296 1219 in
1315 1157 1370 1220 bac

154 1273 185 1326 12
204 1255 268 1329 illo,
283 1254 333 1336 qui
348 1264 433 1319 antea
448 1256 610 1338 optinuerat,
625 1255 693 1319 nisu
708 1255 878 1336 generandi,
893 1273 985 1337 quum
1001 1254 1140 1318 solidiora
1156 1275 1281 1339 corpora
1295 1276 1369 1322 con·

203 1358 324 1422 formari
339 1377 401 1421 non
416 1360 541 1442 amplius
558 1369 692 1442 possent,
704 1361 864 1441 gignuntur
879 1357 1013 1421 residuae
1027 1357 1090 1420 eius
1105 1368 1226 1423 naturae
1241 1380 1371 1443 congrua

204 1462 269 1524 b'ox
289 1473 318 1525 et
332 1463 460 1540 Erebus,
481 1464 510 1527 b.
527 1485 552 1526 e.
573 1463 680 1547 duplex
694 1462 795 1544 {genus
812 1463 1012 1534 tenebrarum,
1030 1460 1152 1524 alterum
1174 1463 1322 1527 infernum
1342 1474 1372 1527 et

204 1565 445 1639 subterraneum,
466 1566 590 1630 alterum
612 1567 696 1630 statis
712 1567 823 1629 uicibus
843 1583 935 1646 super
955 1573 1061 1627 terram
1083 1584 1115 1626 se
1135 1567 1289 1629 effundens
1303 1585 1371 1630 rur·

206 1688 317 1749 susque
331 1668 482 1732 recedens.
513 1669 589 1732 b'anr
610 1667 746 1730 tenebras
761 1677 874 1730 ueteres
888 1685 950 1729 non
966 1667 1158 1746 incorporeas
1179 1687 1246 1730 esso
1266 1686 1371 1731 cense-

206 1771 276 1833 bant
300 1780 329 1832 ct
348 1770 472 1833 existere
492 1780 606 1833 tautum
626 1770 700 1832 lucis
719 1769 848 1841 deiectu,
875 1769 925 1831 sed
947 1777 1082 1831 constare
1102 1787 1157 1850 per
1177 1788 1373 1852 seruamque

207 1874 313 1936 battere
328 1872 536 1947 substantiane,
552 1892 640 1954 spuam
655 1871 685 1933 in
700 1890 766 1933 aere
780 1871 947 1953 ponebant¹
960 1874 1001 1949 ⁰).
1031 1863 1151 1947 Μέλας
1172 1866 1233 1954 γὰρ
1256 1862 1275 1934 ὁ
1298 1863 1372 1958 ἀήρ,

125 1975 128 1980 ’
207 1975 301 2056 inquit
315 1976 487 2039 Eustatlrius
502 1976 538 2037 ad
553 1975 584 2037 ll.
599 1974 646 2048 tt,
666 1976 735 2048 140,
751 1965 833 2036 iiber
854 1968 911 2037 καὶ
932 1964 1044 2058 ἧέροον
1064 1968 1105 2036 τό
1127 1969 1294 2037 σκοτεινὸν
1314 1970 1373 2037 καὶ

208 2070 288 2164 η’έρα
308 2075 367 2164 τήν
389 2068 552 2164 ἀορασέαν
573 2073 676 2164 φησὶν
698 2065 717 2137 ὁ
738 2070 891 2161 ποιητής.
934 2075 995 2139 Nec
1013 2076 1094 2139 aliter
1109 2076 1192 2138 Pltilo
1213 2076 1250 2139 de
1269 2076 1373 2140 tnundi

207 2183 278 2264 opii.
295 2203 320 2245 e.
334 2183 353 2244 t
369 2186 444 2260 (tom
459 2183 472 2245 l
488 2202 518 2265 p.
531 2182 551 2244 o
562 2182 609 2244 ed.
624 2181 746 2260 blanel:
767 2174 870 2260 μέλας
885 2168 904 2241 ὁ
920 2169 982 2264 ἀὴρ
997 2176 1039 2266 τῇ
1054 2173 1164 2265 φύσει,
1180 2181 1374 2261 quamobrem
1456 2201 1458 2204 ’

206 2285 294 2349 etiam
313 2279 434 2362 σκότος
461 2285 579 2361 dicitur,
601 2295 631 2346 ot
650 2283 822 2365 explicatius
842 2281 1016 2346 l‘lutarcbus
1038 2284 1075 2345 de
1094 2283 1182 2364 prim.
1203 2283 1267 2364 frig.
1293 2304 1317 2348 o
1338 2285 1373 2347 9:

208 2380 261 2452 itu
283 2382 321 2452 δέ
343 2380 407 2475 ἀὴρ
428 2383 468 2451 τὸ
489 2385 623 2474 πρῶτον
649 2379 818 2451 σκοτεινόν
843 2379 934 2450 ἐστιν
956 2377 1034 2448 udde
1055 2381 1132 2462 τούς
1154 2381 1299 2472 ποιητάς
1320 2380 1375 2451 λέ-

207 2489 326 2577 ληθεν·
349 2482 434 2576 ἀέρα
456 2486 517 2576 γάρ
538 2486 577 2553 τι)
599 2484 720 2567 σκότος
741 2486 907 2552 καλοῦσιν.
952 2480 1055 2573 ,,Ἀἡρ
1079 2485 1140 2574 γὰρ
1163 2485 1256 2572 παρά
1277 2486 1374 2577 νηυσὶ

207 2589 319 2674 liuddo
345 2582 385 2679 ἦν
412 2584 490 2656 udde*
517 2586 632 2679 σελήνη
657 2585 839 2677 οέρανόθεν
865 2582 1094 2676 προέφαινεν“
1128 2591 1199 2668 (ΟιΙ.
1217 2591 1272 2666 ΙΧ,
1297 2595 1374 2671 tot)

208 2693 266 2761 καὶ
287 2692 391 2760 πάλιν
416 2688 580 2774 ,,Αάτι’κα
607 2688 643 2758 d'
671 2687 754 2782 ἠέρα
779 2691 839 2777 μέν
864 2689 1024 2758 σκέδασεν
1049 2689 1108 2757 καὶ
1135 2685 1271 2757 ἀπῶσεν
1297 2685 1375 2775 ἀμί-

161 2791 165 2799 ’
207 2796 300 2884 pleps,
330 2791 441 2884 ἠέλιος
464 2790 495 2862 d'
518 2793 709 2884 ἐπέλαμψε,
738 2793 826 2883 μάχη
856 2788 888 2860 d’
910 2790 970 2859 ἐπὶ
993 2792 1089 2858 πᾶσα
1116 2789 1295 2882 φαάνθη.“
1332 2797 1375 2873 (ΙΙ.

208 2900 298 2971 Xl'll,
318 2903 413 2978 butt),
429 2901 594 2963 cuiusmodi
609 2900 741 2981 exempla
762 2900 905 2981 permulta
926 2917 992 2959 esse
1007 2897 1155 2959 nerninem
1175 2896 1257 2977 sugit.
1288 2898 1377 2960 llddit

210 3011 306 3065 autern
322 3001 510 3065 Plutarcbus:
526 2997 585 3065 καὶ
600 2998 661 3086 γὰρ
683 2995 832 3086 κνέφας
845 2997 904 3064 τὸν
918 2991 1112 3085 ἀφώτιστον
1126 2989 1210 3078 ἀέρα
1224 2993 1375 3076 καλοῦσι,

208 3099 313 3180 κενὸν,
336 3096 381 3180 ὡς
402 3095 506 3180 ἔοικε,
529 3097 638 3188 (priore
660 3094 739 3164 ὄντα
761 3103 887 3179 (scilicet
901 3102 1075 3164 vocabulum
1091 3122 1108 3163 e
1123 3095 1216 3178 κενός
1237 3112 1267 3165 et
1288 3097 1377 3188 φάος

211 3208 315 3268 iactum
337 3224 404 3267 esse
424 3204 498 3282 rati)
524 3200 583 3267 καὶ
610 3197 729 3289 νέφος
756 3194 774 3265 ὁ
800 3198 979 3284 συμπεσών
1005 3199 1063 3266 καὶ
1092 3198 1286 3278 πυκνωθεὶς
1313 3194 1377 3288 ἀὴρ

210 3297 386 3392 ἀποφάσει
409 3298 531 3393 φωτός,
560 3307 606 3386 (b.
622 3327 647 3368 e.
671 3300 770 3392 νέφος
792 3326 826 3369 ex
848 3306 1002 3387 negatione
1025 3300 1059 3370 νέ
1078 3316 1107 3368 et
1128 3297 1217 3392 φάος
1240 3307 1376 3382 lactum)

210 3409 345 3491 denique,
366 3401 431 3472 ὅσοι
453 3405 512 3472 τοῦ
534 3405 646 3496 φωτὸς
668 3400 706 3472 οὗ
727 3404 867 3493 παρέχει
889 3412 929 3496 τῇ
952 3403 1113 3495 αἰσθήσει
1129 3399 1258 3492 δίοψιν,
1282 3397 1379 3491 ἀέρος

211 3503 278 3576 εἰσὶ
300 3503 472 3598 διαφοραί.

281 3754 335 3815 Ην)
354 3752 412 3806 Vid.
425 3753 485 3805 diss.
499 3754 530 3806 de
540 3760 647 3805 extrem.
659 3753 743 3805 mundi
756 3761 821 3822 port
836 3770 859 3821 p.
869 3752 893 3804 t.

282 3840 322 3904 lb)
336 3838 373 3891 (ΞΓ.
383 3838 502 3893 lisrsten.
515 3840 656 3908 Empedorl.
670 3857 695 3909 p.
706 3839 764 3894 ΗΘ.

282 3925 321 3988 ld)
334 3923 504 3977 Substantiam
521 3926 662 3978 tenebris
679 3928 803 3996 proprium
816 3942 846 3978 oc
858 3941 928 3978 suom
947 3924 1060 3977 asseruit
1079 3940 1160 3992 nuper
1177 3923 1252 3975 etiarn
1264 3923 1377 3974 ioannes

213 4010 317 4064 llicbers
330 4012 354 4064 in
368 4012 432 4064 libro
445 4030 516 4082 quem
530 4012 658 4083 inscripsit
674 4013 776 4067 Notur
792 4015 855 4067 und
872 4013 966 4068 Geist
984 4022 1042 4067 tom.
1057 4012 1087 4065 lll
1100 4030 1123 4082 p.
1134 4011 1197 4076 265,
1211 4010 1376 4078 similiterque

212 4098 380 4170 slesirigore
392 4099 482 4152 statuit
494 4115 517 4166 p.
527 4102 543 4150 ll
555 4106 581 4151 et
595 4100 655 4166 tlt,
673 4103 739 4170 quod
752 4101 865 4172 plerique
878 4117 1023 4172 perperam,
1047 4107 1076 4152 ut
1088 4098 1145 4151 mibi
1158 4098 1257 4166 quidem
1270 4111 1376 4165 persua·

213 4185 337 4240 sissinium
349 4192 404 4251 est,
417 4185 477 4237 nibil
488 4185 534 4238 nisl
546 4186 639 4239 caloris
650 4187 788 4242 absentiam
804 4204 863 4242 csso
874 4196 1013 4243 autument.
1037 4186 1158 4240 Veterum
1175 4186 1206 4238 de
1224 4192 1330 4253 utreque
1349 4199 1377 4238 re

214 4272 353 4324 urtestin
363 4288 411 4323 ooo
423 4273 525 4324 ardere
537 4273 644 4325 omnium
653 4274 733 4328 luisse
743 4277 784 4329 rel
796 4292 825 4328 cx
837 4275 965 4329 Plutarchi
979 4274 1044 4328 libro
1056 4274 1088 4326 tle
1098 4273 1177 4342 primo
1187 4271 1278 4338 frigido
1291 4279 1376 4323 notum

213 4364 262 4410 ost.
285 4356 324 4410 ci.
335 4357 419 4410 Scbol.
433 4357 519 4428 Eurip.
533 4359 618 4413 orest.
631 4377 657 4414 v.
669 4361 726 4414 lii.
751 4361 841 4416 ldeler.
854 4363 885 4415 ad
899 4363 1007 4416 Aristot.
1020 4360 1129 4415 Mereor.
1142 4357 1192 4412 etl
1204 4376 1228 4429 p.
1238 4358 1298 4412 390.
