2962 4808
584 332 783 446 -..,⁷-⁹--..

102 517 145 586 τὰ
169 517 230 608 τήν
254 513 336 601 μίαν
346 508 483 605 ’Ἔρεβος
503 514 564 602 μὲν
584 515 644 606 τήν
671 510 803 606 ίίρρενα,
830 512 888 602 τὴν
909 511 949 581 δὲ
975 510 1121 604 θήλειαν
1143 509 1267 594 Nemo,

103 620 140 690 ἐκ
168 618 206 687 di
231 614 356 685 rodatur
380 618 465 709 φησί
490 617 678 706 μιχθέντων
703 615 847 706 Αἰθέρα
878 613 1034 704 poeticae
1062 616 1120 686 καί
1136 613 1270 706 ’Ἔρωτα
1376 708 1378 711 v

103 722 161 791 καί
176 722 302 812 Μῆτιν.
329 725 467 790 Ostendit
479 737 579 792 autem
591 726 762 790 Damascius
782 745 815 787 se
826 724 953 787 beusiiai
969 723 1078 787 librum
1094 744 1154 788 non
1167 725 1267 807 ipsum

103 832 219 912 legisse,
230 830 283 893 sed
295 830 428 893 notitiam
440 831 505 895 eius
516 832 649 895 Eudemo
661 830 776 905 debere,
792 847 879 910 quern
891 837 1013 910 apparet
1026 829 1120 893 rarias
1132 840 1161 892 et
1173 831 1266 893 Grae·
1289 842 1321 895 tt

104 953 207 998 eorum
228 943 257 996 et
275 932 468 998 barbarorum
488 934 649 999 sententias
670 932 898 1013 cosmogonieas
919 941 948 994 et
967 933 1158 1013 tireogonieas
1174 935 1265 997 colie-

104 1037 249 1119 gisem).
275 1036 324 1098 nir
337 1036 430 1099 enirn:
446 1031 592 1122 παράγει
614 1031 651 1100 δὲ
672 1029 733 1100 ἐπὶ
754 1028 887 1110 τρίτοις
909 1024 947 1097 ἐκ
971 1031 1035 1097 τῶν
1057 1027 1166 1099 αίτῶν
1181 1039 1267 1116 (ine.

104 1160 139 1204 ex
160 1139 257 1203 Erebo
278 1150 307 1203 et
325 1140 432 1218 Nocte)
451 1137 508 1204 καὶ
537 1131 644 1204 ἄλλων
668 1135 761 1203 θεῶν
787 1133 892 1201 πολὺν
913 1128 1075 1220 ἀριθμόν,
1104 1136 1189 1203 κατὰ
1210 1135 1270 1227 τὴν

104 1234 261 1329 Eddp‘pov
276 1233 433 1327 ἱστορίαν.
460 1244 559 1325 itaque
574 1245 604 1306 in
618 1243 675 1306 irae
688 1241 815 1305 deusiiai
831 1241 997 1321 theogonia,
1013 1261 1101 1322 «priam
1118 1243 1267 1308 Eudemus

104 1347 211 1423 retulit,
226 1348 300 1411 iraee
314 1347 407 1412 luisse
421 1348 536 1412 ridetur
550 1346 764 1429 principiorum
779 1345 880 1420 series,
896 1355 929 1407 ut
943 1363 977 1406 ex
993 1345 1071 1408 Cirao
1087 1347 1268 1427 primordiali

105 1452 259 1535 prodirent
272 1452 387 1516 Erebus
407 1462 437 1515 et
451 1451 531 1525 Nox,
546 1469 611 1513 mas
626 1459 655 1512 et
669 1449 788 1523 senoina,
802 1450 860 1511 iroc
874 1456 921 1510 est
936 1449 1056 1511 materia
1072 1450 1108 1511 ad
1124 1469 1269 1531 generan-

105 1557 175 1621 dum
185 1565 215 1618 et
224 1555 260 1619 ad
271 1555 445 1636 pariendum
455 1563 572 1638 aptaex
582 1571 709 1635 quorum
722 1552 908 1634 copulatione
918 1551 1024 1615 deinde
1034 1552 1169 1617 subtilior
1179 1574 1270 1636 quae·

106 1661 173 1724 dam
190 1669 295 1723 natura
309 1657 456 1731 existeret,
471 1674 546 1738 quae
560 1675 653 1737 quum
667 1655 805 1718 aetherea
820 1664 906 1730 esset,
920 1666 983 1718 turn
997 1665 1096 1718 mento
1108 1666 1137 1719 et
1147 1658 1272 1720 consilio

106 1762 242 1846 polleret,
272 1761 390 1842 vimque
413 1760 444 1825 in
469 1779 502 1824 se
527 1760 647 1823 baberet
666 1758 804 1822 materiae
823 1758 859 1822 ad
880 1759 1080 1839 generandum
1100 1760 1273 1834 incitandae,

106 1865 303 1946 quamobrem
323 1863 417 1927 tribus
431 1882 496 1927 eam
511 1862 682 1927 nominibus
697 1862 864 1946 appellarit,
878 1863 1013 1937 netirera,
1029 1863 1168 1941 Mentem,
1183 1866 1274 1948 Cupi·

108 1969 221 2041 dinem,
248 1966 497 2049 quemadmodum
524 1966 611 2030 etiam
639 1967 677 2029 ab
703 1965 840 2048 Orpbieis
866 1965 1027 2029 Pinnetem
1054 1976 1083 2029 et
1103 1965 1222 2054 Μῆτιν
1246 1979 1276 2031 et

108 2063 241 2156 ’Ἔρωτα
266 2069 507 2151 cognominatum
533 2090 600 2133 esse
626 2069 761 2132 vidimus.
796 2070 927 2132 liberum
948 2079 1054 2134 testem
1075 2071 1101 2134 si
1128 2072 1276 2146 audimus,

108 2175 216 2238 Aether
230 2172 383 2254 Cupidinis
403 2181 487 2254 pater
506 2172 670 2247 dicebatur,
689 2171 769 2254 quod
788 2181 818 2234 et
839 2171 936 2254 ipsum
953 2172 1056 2254 aliquis
1071 2175 1106 2236 ad
1123 2176 1275 2257 pbpsieam

109 2277 254 2340 rationem
274 2275 351 2338 baud
371 2276 500 2356 ineptam
523 2277 649 2340 lortasse
667 2274 852 2338 revocaverit
884 2273 946 2337 Utri
966 2276 1074 2338 borum
1091 2278 1187 2340 maior
1202 2279 1275 2341 bdes

111 2382 160 2455 sit,
176 2381 327 2443 incassum
343 2396 476 2459 quaeras.
503 2379 568 2442 lice
582 2388 680 2442 tanuen
694 2387 825 2461 apparet,
840 2376 877 2440 ab
891 2377 1036 2442 Hesiodea
1052 2379 1146 2442 labrda
1162 2387 1276 2444 utram·

112 2504 169 2566 que
183 2482 356 2546 relationem
372 2481 518 2546 diversam
533 2502 608 2545 esse.

199 2585 391 2649 Parmenides
410 2605 528 2669 quoque
543 2585 716 2668 Cupidinem
738 2584 769 2648 in
788 2586 891 2648 mundi
907 2585 1015 2649 lairico
1030 2587 1175 2661 adiriimit,
1196 2609 1277 2650 eam·
1304 2597 1306 2600 ’

113 2711 169 2773 que
184 2690 224 2752 ob
239 2708 358 2752 causam
374 2689 533 2765 aPiatone,
548 2689 702 2753 Aristotele
718 2689 840 2770 aliisque
856 2708 923 2751 eum
935 2688 1065 2751 ilesiodo
1078 2691 1278 2771 componitur.

114 2795 240 2857 interest
259 2802 357 2855 tamen
378 2793 455 2855 inter
474 2814 528 2856 eos
547 2794 605 2856 boo
623 2792 762 2865 maximo,
786 2792 881 2872 quod,
906 2810 997 2872 quum
1018 2792 1096 2872 apud
1115 2792 1279 2855 liesiodum

113 2898 208 2978 ipsius
223 2895 375 2977 Cupidinis
391 2897 474 2978 origo
490 2896 521 2958 in
537 2896 663 2958 obscuro
680 2896 728 2970 sit,
743 2896 819 2957 bane
833 2895 1024 2958 Parmenides
1038 2905 1160 2957 eatenus
1175 2895 1277 2957 saitem

113 3000 257 3081 explicare
272 3009 396 3063 conatus
411 3008 465 3076 est,
479 3009 512 3063 ut
526 2999 651 3080 primam
667 2998 813 3080 qrrandam
825 2998 982 3061 creationis
995 3017 1112 3060 eausam
1129 2997 1279 3073 indicaret,

113 3121 188 3184 quae
206 3119 297 3183 quum
313 3101 501 3183 Cupidinem,
522 3112 585 3165 tum
606 3112 717 3166 ceteras
738 3091 858 3165 naturae
877 3102 968 3176 vires,
989 3101 1096 3183 quilius
1112 3101 1157 3163 iile
1173 3101 1281 3182 pariter
1393 3113 1396 3116 ⁴

114 3206 238 3268 deorum
259 3224 402 3287 personas
418 3205 526 3281 induit,
542 3206 750 3289 produnisset¹
770 3205 852 3267 lianc
866 3205 992 3287 primam
1008 3225 1128 3268 eausam
1145 3224 1206 3288 qno
1222 3224 1279 3267 no·

23 3318 25 3321 ’
114 3309 193 3371 mine
208 3309 407 3390 appellaverit,
421 3328 483 3372 non
499 3310 570 3373 satis
584 3311 687 3393 liquet:
707 3309 822 3372 ridetur
836 3318 932 3372 autem
948 3326 1009 3370 non
1026 3327 1087 3370 uuo
1102 3309 1209 3381 modo,
1227 3308 1280 3369 sed

115 3412 198 3475 aliter
222 3411 288 3474 aiibi
313 3412 485 3493 appellasse.
521 3412 594 3476 nam
613 3433 630 3474 e
646 3411 776 3475 Platonis
796 3409 905 3485 rerbis,
929 3411 1067 3491 Spnrpos.
1085 3430 1110 3473 c
1129 3413 1164 3474 d:
1186 3413 1281 3491 liup-

114 3508 249 3600 μενίδης
264 3506 301 3576 di
321 3508 383 3599 orb
404 3507 529 3596 γένεσιν
549 3507 636 3598 λέγει
659 3506 875 3597 ,ατρώτιστσν
895 3502 1098 3596 μέν’Έρωτα
1114 3508 1203 3575 θεῶν
1217 3535 1283 3599 prr,-

114 3611 233 3681 τίσατο
245 3612 400 3678 πάντων(
412 3616 601 3698 probabiliter
611 3617 764 3698 colligitur,
780 3616 837 3679 boc
849 3616 948 3698 ipsum
962 3617 992 3676 Γ
990 3610 1127 3691 ενίσεως
1137 3634 1249 3678 nomen
1264 3637 1280 3677 a

115 3720 291 3786 Parmenide
305 3728 479 3802 usurpatum
495 3719 598 3796 luisse,
617 3739 677 3801 quo
693 3719 776 3801 quasi
798 3719 1015 3798 genetricem
1031 3718 1166 3781 omnium
1177 3739 1282 3801 remm

116 3825 306 3908 significaret,
322 3824 573 3905 quemadmodum
594 3817 720 3906 γένεσιν
739 3822 901 3904 iiespcbius
921 3821 1132 3904 interpretatur
1151 3816 1285 3906 πατέρα

116 3919 139 4016 ἢ
153 3923 287 4016 μητέρα,
303 3928 511 4010 Oceanumque
526 3926 684 4002 iiomerus,
699 3926 816 3989 aethera
829 3926 1025 3990 Philostratus
1041 3929 1177 3991 dixerunt
1194 3925 1286 3992 decbr

117 4029 310 4118 praecaveo).
341 4032 399 4094 Sed
425 4034 549 4097 eandem
575 4030 662 4094 etiam
679 4020 884 4117 Ἀφροδίτην
908 4051 924 4095 a
946 4031 1123 4096 Pannonide
1149 4042 1284 4096 seratam

478 4128 505 4161 1

188 4264 234 4327 tc)
254 4261 291 4314 Ci.
304 4262 375 4328 liiop.
388 4260 474 4313 baert.
487 4259 601 4312 Prooem.
614 4258 638 4325 ξ.
649 4258 675 4308 ii.

187 4348 234 4415 30)
254 4349 355 4401 Homer.
372 4345 557 4413 lixivam.
587 4343 706 4397 Philocte.
725 4344 772 4398 vit.
784 4344 974 4415 lipoii.iii,³i
990 4362 1014 4416 p.
1030 4347 1088 4401 trs.
1115 4346 1156 4401 Cf.
1175 4345 1235 4400 intt.
1252 4347 1285 4401 ad
