2962 4808
199 1615 259 1708 DE
282 1600 546 1712 bcttblbtbt
569 1618 624 1711 ΕΤ
644 1617 877 1712 tabulatu
898 1615 1161 1712 attubus,

64 1928 81 1980 t
188 1901 392 2000 Theogoniam
404 1919 588 1996 liesiodeam.
604 1921 697 2005 quadis
712 1920 829 2002 quidem
843 1938 922 1984 nunc
937 1927 991 1995 est,
1002 1954 1044 1966 -
1059 1929 1088 1983 et
1104 1919 1195 1983 tuisse
1207 1937 1263 1983 un·

102 2039 191 2102 aguam
206 2022 305 2095 abiam,
326 2021 397 2084 nibil
413 2032 470 2095 est,
492 2025 570 2105 aprrod
594 2024 699 2106 probet
712 2059 756 2070 -
772 2023 853 2087 iaciio
873 2023 1061 2105 agnoscimus
1081 2043 1117 2086 co
1138 2022 1264 2085 riraximc

103 2123 227 2186 consilio
244 2125 442 2206 compositam
458 2147 534 2201 csse,
551 2137 591 2200 ut,
608 2136 799 2208 posteaquam
815 2137 892 2188 corta
908 2127 1051 2206 quaedam
1068 2125 1264 2208 mptboiogiae

104 2229 197 2289 suranna
212 2226 392 2290 nobiliorum
413 2238 564 2311 poctarum
586 2227 765 2292 carminibus
785 2237 814 2290 et
829 2229 1001 2290 auctoritate
1018 2228 1187 2292 inraiuissct
1201 2229 1265 2290 rui·

103 2348 200 2410 goquc
220 2340 336 2412 tempta
356 2340 448 2403 esset,
465 2331 577 2394 divinae
597 2350 757 2414 personae,
778 2348 904 2411 quarum
925 2330 1067 2393 celebrata
1088 2328 1266 2393 carminibus

104 2432 245 2494 momoria
266 2441 343 2504 erat,
364 2432 393 2493 in
413 2433 492 2494 brcri
514 2443 675 2514 conspectu
696 2451 801 2495 onmes
822 2441 1076 2513 proponerentur,
1102 2431 1149 2494 bis
1168 2441 1266 2494 autem

103 2531 190 2593 etiam
214 2533 285 2594 abac
309 2533 451 2612 qrracdam
478 2533 707 2613 adiungerentur
730 2533 828 2595 urinas
848 2533 965 2613 quidem
988 2534 1074 2612 ruigo
1099 2533 1268 2607 ccieinatno,

104 2652 197 2714 uenire
212 2643 308 2695 tanmn
324 2632 440 2695 siicntio
456 2636 737 2714 praetermittcmiae.
765 2635 860 2714 dtrpm
876 2633 944 2695 iliud
960 2634 1077 2714 ‹prridcm
1095 2635 1268 2713 tbcogonioo
1304 2631 1306 2636 ’

105 2735 288 2818 compositor
304 2735 341 2797 ita
357 2734 463 2809 ederit,
484 2746 516 2799 ut
531 2738 636 2800 scriem
653 2738 776 2799 deorum
789 2735 1004 2816 gerreaiogicam
1020 2756 1036 2797 a
1052 2737 1130 2797 Cirao
1147 2737 1269 2817 eiusque

105 2837 245 2917 progenie
261 2856 313 2919 per
329 2836 449 2901 Titanes
465 2840 609 2920 usquead
629 2839 706 2902 loris
724 2839 861 2901 sarrribam
876 2846 1057 2911 contexeret,
1078 2838 1200 2901 aiterum
1215 2858 1268 2900 au·

107 2950 164 3001 tem
185 2942 237 3010 ita,
259 2949 290 3001 nt
310 2959 345 3001 ex
364 2938 469 3001 dirinis
488 2941 640 3023 personis,
660 2959 784 3022 quarum
807 2940 1044 3002 obscuraturum
1071 2940 1183 3019 poetica
1205 2960 1269 3021 rrip-

108 3042 237 3122 tboiogia
253 3042 424 3104 pannormiam
441 3042 565 3117 rideret,
586 3043 746 3105 nonnullas
762 3043 880 3115 saitem,
895 3062 1016 3123 casque,
1031 3061 1156 3123 quarum
1172 3042 1201 3103 in
1214 3063 1269 3122 po·

107 3145 257 3225 putaribus
270 3143 458 3224 religionibus
471 3145 565 3208 maim
580 3146 720 3226 quaedam
737 3144 875 3207 sancdtas
891 3153 977 3216 esset,
992 3144 1167 3206 adscisceret
1181 3143 1270 3206 iocis·

108 3266 164 3328 epm
179 3246 285 3327 quibus
307 3254 411 3326 possct
425 3258 683 3321 commemoraret,
703 3266 741 3310 nc
756 3247 868 3309 seilicct
888 3264 1012 3327 prorsus
1032 3246 1166 3307 ciciusac
1180 3255 1209 3308 ct
1223 3265 1270 3308 rc·

109 3347 197 3410 iectac
216 3347 397 3411 riderentur:
424 3367 481 3429 qua
502 3349 580 3412 inre
600 3351 661 3412 iieri
682 3369 743 3412 uon
762 3349 874 3430 potuit,
900 3349 970 3429 quin
991 3347 1173 3427 complures,
1198 3367 1272 3429 quae

109 3448 185 3529 apud
201 3468 267 3521 cos,
286 3448 392 3530 quibus
408 3449 504 3512 cultus
518 3470 620 3513 earum
636 3449 776 3531 proprius
791 3459 866 3521 crat,
888 3469 943 3531 pro
966 3450 1080 3530 magnis
1101 3448 1271 3511 numinibus

109 3558 209 3612 essent
228 3551 429 3632 maximasque
448 3551 478 3614 in
498 3570 599 3614 rerum
615 3552 657 3613 rci
677 3550 830 3613 ciicctionc
846 3550 886 3611 rci
903 3551 1155 3613 administratione
1174 3561 1272 3630 piantes

111 3651 257 3715 sustinere
275 3652 477 3728 crederentur.
504 3671 584 3718 naono
607 3653 637 3716 in
664 3653 719 3715 bac
744 3673 811 3715 cum
832 3652 935 3714 ceteris
956 3652 1127 3714 numinibus
1147 3652 1273 3715 coniun-

112 3753 208 3817 ctione
222 3755 320 3818 locum
337 3757 422 3836 longe
436 3756 524 3819 alium
539 3766 569 3819 ct
583 3756 720 3837 dignitate
736 3774 789 3818 sua
804 3754 972 3818 interiorem
989 3755 1174 3817 sortirentur.
1201 3754 1273 3817 Per·

113 3854 185 3917 tinet
199 3857 286 3921 buius
302 3858 343 3921 rei
359 3856 525 3921 obsecratio
542 3859 678 3922 nonnibii
693 3858 757 3921 sinc
777 3859 867 3922 dubio
882 3858 917 3920 ad
934 3867 1045 3920 rutum
1065 3858 1101 3919 dc
1117 3857 1273 3936 theogonia

113 3957 233 4040 ciusquo
254 3961 469 4041 compositione
488 3962 626 4027 indicium
648 3963 828 4025 sacicndum:
848 3982 937 4044 quam
959 3962 998 4024 ob
1018 3981 1136 4025 causam
1152 3981 1213 4024 uno
1228 3972 1273 4025 at-

114 4077 170 4140 que
189 4060 277 4121 aitcro
296 4062 429 4143 cxcmpio
450 4082 514 4125 cam
534 4063 679 4127 iilustrare
699 4064 800 4140 statui,
820 4084 856 4128 cx
872 4064 1052 4128 Oceanidum
1073 4074 1102 4127 et
1115 4062 1273 4126 Nereidum

114 4160 251 4241 catalogis
266 4161 436 4244 desumpto,
456 4165 694 4248 quandoquidem
715 4167 746 4229 in
766 4166 813 4229 bis
829 4167 955 4230 maxime
970 4166 1042 4229 mibi
1057 4166 1210 4228 maniicsta
1225 4183 1275 4229 rc·

115 4261 198 4344 stigio
218 4263 447 4344 deprehendisse
464 4265 564 4330 ridear
583 4267 740 4332 numinum
756 4286 947 4349 magnorum,
969 4268 1066 4330 sedin
1081 4268 1136 4330 hac
1151 4268 1275 4348 theogo-

114 4363 179 4427 niea
194 4365 409 4446 compositione
429 4366 466 4429 ad
486 4367 654 4433 interiorem
675 4370 896 4457 quodammodo
916 4370 1015 4434 iocum
1035 4368 1227 4433 deuusorum
1247 4377 1278 4430 ct
