2962 4808
71 565 239 647 posuimus,
256 567 356 629 Cretae
371 566 483 631 insudac
497 568 572 633 bane
587 571 710 652 gloriam
727 571 840 634 tribuit:
862 571 1111 649 urtltrnactnew)
1128 581 1233 634 contra

69 668 231 733 Arcadibus
247 669 336 734 tidem
351 671 510 753 adiungere
525 674 639 748 naaluit‚
655 675 821 749 idatiano,
836 684 869 738 nt
883 674 991 756 aliquid
1005 673 1093 738 etiarn
1109 675 1232 738 Creten·

70 773 153 834 sibus
174 774 355 836 concolerct
384 775 457 839 Nam
481 787 583 840 uatum
603 779 721 860 quidem
737 779 835 841 lovem
852 777 882 840 in
897 775 1031 851 Arcadia,
1046 796 1116 839 nrox
1132 787 1232 839 autom

70 876 185 938 tbetam
205 875 334 938 delatum
355 877 452 959 ibique
472 879 614 944 nutritum
630 902 706 944 csso.
736 880 794 963 lpsi
810 890 908 943 autem
924 879 1051 941 Arcados
1066 888 1166 942 aratum
1184 880 1233 941 lu·

70 995 134 1038 vom
150 977 284 1042 dicebant
298 979 328 1042 in
344 991 444 1044 monte
459 982 584 1065 Lycaeo,
599 1003 685 1065 quem
700 984 787 1046 etiam
803 983 961 1064 Olympum
977 991 1007 1043 et
1022 973 1112 1065 ἱερὰν
1133 1002 1234 1063 κορυ-

70 1073 149 1166 φήν,
168 1089 340 1165 partemque
359 1084 421 1147 eins
437 1086 595 1150 Creteam
610 1086 802 1169 appellabant
832 1085 992 1166 Deceptum
1008 1093 1106 1147 antem
1121 1105 1138 1148 a
1153 1085 1234 1149 ltlna

70 1184 230 1247 Saturnum
254 1187 349 1269 lapide
372 1198 509 1269 porrecto
530 1188 559 1253 in
579 1198 680 1252 monte
700 1188 896 1261 Thaumasio,
923 1188 973 1268 qui
995 1187 1071 1251 baud
1091 1189 1195 1271 procul
1216 1210 1234 1251 a

71 1286 182 1367 Lycaeo
197 1297 256 1365 cst,
271 1309 365 1372 prope
379 1290 484 1354 urbem
499 1292 704 1374 Methydrion,
719 1303 749 1354 et
763 1291 792 1354 iu
808 1290 893 1354 cuins
908 1291 1060 1355 cacumine
1074 1290 1162 1353 ctiam
1178 1309 1235 1353 an·
1275 1307 1276 1311 ’

70 1398 148 1453 trum
163 1391 261 1456 llhcac
281 1404 483 1457 consecratum
504 1404 581 1469 crat,
601 1414 660 1477 quo
681 1393 790 1457 neruiui
810 1393 868 1456 nisi
888 1393 1007 1456 leminis
1027 1393 1234 1457 sacerdotibus
1270 1463 1276 1472 ,

69 1495 206 1557 accedere
220 1496 327 1559 liceret.
354 1497 491 1560 llblutum
508 1497 614 1561 allbea
629 1496 783 1578 nuendum
801 1495 830 1557 in
847 1496 968 1559 llunrine
978 1496 1078 1569 lusio,
1093 1497 1142 1577 qni
1154 1497 1233 1560 tlon·

71 1605 156 1675 tyuen
182 1597 285 1660 urbem
306 1596 385 1660 alluit
405 1617 466 1661 non
486 1597 572 1678 longe
590 1618 606 1660 a
626 1598 737 1680 Lycaeo
758 1599 854 1661 simtu.
889 1598 990 1661 llatris
1009 1599 1103 1680 ipsius
1124 1620 1233 1682 purga·

70 1708 166 1761 torrento
185 1698 215 1760 in
231 1699 385 1781 Lyrnaeem
402 1700 521 1762 lluniuna
537 1700 659 1774 aldeola,
678 1701 728 1781 qui
744 1700 821 1782 apud
837 1700 996 1781 l‘bigaliana
1012 1703 1041 1763 in
1059 1702 1170 1765 Nudam
1186 1703 1234 1765 in·

70 1802 141 1864 lluit.
171 1801 302 1883 benique
317 1802 476 1864 enutritum
493 1801 591 1864 lovena
606 1822 622 1865 a
638 1803 776 1885 nymphis
791 1803 910 1872 Titiana,
927 1802 1017 1876 Neda,
1031 1802 1145 1884 Hagno,
1159 1824 1236 1886 qua·

69 1923 134 1965 num
156 1905 251 1986 prima
271 1905 383 1987 oppido
404 1924 514 1969 nomeu
534 1906 645 1968 dederit
663 1908 699 1970 ad
714 1906 858 1988 Lycaeum
874 1905 947 1979 situ,
965 1905 1056 1970 altera
1072 1908 1186 1970 llunnini
1200 1928 1236 1971 ex

69 2009 173 2070 eodem
189 2018 290 2071 monte
305 2009 479 2084 documenti,
494 2009 578 2072 tertia
594 2009 668 2073 lonti
683 2009 713 2073 in
729 2010 795 2092 ipso
808 2010 988 2090 nycaena).
1002 2010 1114 2089 —Sed
1129 2030 1235 2074 annau·

69 2112 202 2176 labantur
216 2113 378 2176 drcadibus
399 2113 484 2176 vicini
505 2133 607 2176 eorum
629 2112 781 2188 Messenii,
799 2111 876 2193 apud
896 2132 974 2193 qnos
993 2132 1086 2193 quum
1106 2115 1235 2176 sonatis·

69 2215 143 2277 sima
158 2224 239 2278 essct
252 2216 414 2279 lthomatae
429 2216 507 2279 lovis
522 2217 638 2296 religio,
658 2217 745 2279 etiarn
764 2214 939 2278 incunabula
959 2214 1005 2277 dei
1026 2215 1083 2277 sibi
1102 2215 1235 2280 vindica·

32 2322 35 2327 '
68 2317 206 2396 beaw).
244 2318 426 2382 Documento
447 2328 509 2382 erat
528 2319 686 2401 Cleyeydra
706 2322 774 2381 lons
796 2319 826 2381 in
847 2336 966 2381 summo
986 2327 1088 2381 rorante
1108 2319 1273 2393 ltlrmne‚u

71 2421 166 2484 dictus
186 2420 225 2483 ob
244 2422 366 2485 celatum
383 2423 480 2485 liboae
495 2431 622 2505 partum.
653 2423 685 2485 lu
700 2442 736 2484 eo
751 2423 833 2483 tonte
847 2420 978 2484 ablutum
995 2420 1110 2495 locarat,
1126 2422 1235 2486 oloca-

9 2559 11 2562 >
73 2536 224 2607 tumquea
243 2526 381 2607 nymphis
397 2526 510 2590 ltbome
530 2537 559 2590 et
573 2525 669 2589 Nuda:
690 2543 759 2589 nant
775 2524 855 2587 Nieda
876 2526 986 2587 darnuen
1000 2523 1089 2587 etiam
1104 2525 1139 2588 ad
1155 2526 1235 2589 llos·

56 2629 183 2715 ¹soniam
205 2629 344 2711 pertinet,
364 2632 438 2692 lance
456 2630 520 2692 eius
539 2629 576 2692 ab
595 2629 716 2692 Arcadia
736 2638 764 2691 et
780 2629 861 2690 Elide
880 2627 1032 2690 dirimens.
1063 2626 1159 2690 l‘orre
1175 2630 1235 2693 Elei

72 2741 194 2814 propter
221 2732 397 2795 solemnium
418 2732 544 2815 Olympii
564 2732 642 2795 loris
668 2731 893 2796 sanctimoniam
920 2729 1007 2793 etiam
1034 2730 1071 2792 de
1089 2731 1236 2793 nntadibus

72 2836 119 2897 dci
139 2854 200 2897 non
217 2834 439 2898 concedendum
454 2834 516 2897 aliie
532 2834 601 2910 rati,
620 2835 739 2898 ldaeuna
754 2844 885 2906 antrum,
901 2832 932 2894 in
947 2851 1006 2913 quo
1023 2831 1068 2894 ille
1082 2843 1134 2895 aut
1148 2843 1237 2896 uatus

72 2947 122 3000 ant
135 2939 276 3000 educatus
291 2937 472 3010 crederetur,
488 2938 564 3018 apud
581 2957 613 2999 sc
627 2957 693 2999 esse
708 2935 858 2997 volebaut²
868 2937 907 3010 5),
922 2935 1090 3014 ambosque
1104 2935 1238 2998 excreta

72 3040 192 3102 Curetes
219 3041 255 3102 ad
281 3039 444 3102 custodiam
471 3038 652 3119 ytueruli20).
688 3041 721 3101 ln
740 3037 846 3100 debaia
866 3046 963 3098 autern
983 3048 1012 3098 et
1030 3037 1190 3116 degierrscc
1208 3048 1239 3100 et

73 3141 165 3204 Olenii
186 3143 307 3203 eandem
328 3141 450 3221 gloriam
469 3140 656 3215 allectabaut,
676 3139 790 3220 utrique
805 3136 926 3200 nomine
942 3136 1056 3200 conlisi.
1087 3138 1161 3201 Nam
1179 3142 1238 3201 do·

12 3255 15 3261 ’
73 3244 190 3323 gicnsee
210 3244 312 3306 urbem
334 3263 418 3306 suam
434 3244 470 3306 ab
485 3244 562 3325 dege
577 3242 756 3306 nominatam
772 3237 920 3311 dicebant,
939 3238 1023 3300 euius
1039 3238 1149 3320 lupiter
1162 3241 1237 3303 lactc

75 3345 202 3407 nutritus
221 3354 314 3419 ceset3
335 3345 416 3408 alteri
437 3346 514 3408 hanc
532 3364 549 3408 a
568 3363 639 3407 suae
659 3343 740 3406 urbis
760 3341 881 3405 nomine
896 3338 1029 3402 Olenium
1046 3340 1155 3404 dictam
1170 3361 1238 3403 esse

73 3447 280 3509 auturnabant²
290 3452 328 3524 ¹).
358 3446 478 3511 Praeter
491 3448 548 3510 hos
565 3434 699 3509 Thebani
713 3440 964 3507 commemorandi
978 3451 1058 3518 eunt,
1074 3442 1125 3522 qn
1140 3461 1238 3505 arcern

141 3684 189 3749 22)
208 3685 299 3753 llymn.
311 3686 336 3737 ia
348 3683 399 3736 lev.
412 3699 436 3735 ν.
446 3683 463 3734 b
474 3700 529 3753 sqq.

141 3767 186 3832 23)
207 3769 244 3820 lle
262 3769 300 3820 hir
317 3768 430 3820 oranilnn
448 3767 499 3818 vicl.
511 3766 619 3819 Panna.
632 3763 702 3831 Vlll,
714 3765 762 3830 33,
775 3763 800 3816 2.
813 3764 837 3816 3.
851 3763 892 3830 (lb,
905 3763 930 3815 2.
943 3763 986 3830 23,
998 3762 1023 3815 2.
1035 3763 1079 3830 tr,
1091 3762 1117 3816 2.
1129 3763 1155 3816 3.
1167 3766 1239 3817 etde

74 3861 157 3906 neate
169 3853 320 3906 Thaumasio
332 3854 419 3921 Stcpb.
432 3854 493 3921 Byr.
506 3869 527 3903 3.
536 3854 561 3905 b.
570 3869 595 3904 ν.

142 3940 190 4005 tt)
210 3940 316 3991 Peneon.
329 3937 372 4004 Ν,
385 3937 427 4003 33,
440 3939 465 3989 2.

142 4026 189 4091 25)
209 4026 320 4077 benaein.
333 4024 420 4092 Sceps.
431 4038 471 4092 ap.
485 4023 564 4075 mirol.
576 4022 646 4075 Pind.
659 4021 701 4073 01.
710 4018 742 4088 V,
752 4020 784 4072 tt
798 4020 858 4085 (13).
871 4019 904 4072 cf.
916 4020 1024 4073 boeckla.
1037 4020 1131 4088 explic.
1145 4039 1168 4091 p.
1182 4022 1241 4074 130.

50 4153 51 4157 ,
142 4111 190 4176 26)
210 4109 317 4162 Panna.
327 4107 359 4174 V,
372 4107 396 4174 7,
406 4108 431 4174 d,
444 4108 485 4176 qni
499 4125 546 4159 aon
559 4108 675 4160 diversor
686 4106 718 4158 ab
730 4106 769 4157 tie
780 4103 869 4158 tuneo·
881 4106 1004 4176 llnetylor
1016 4106 1097 4160 inim
1109 4116 1241 4161 memorat.

33 4235 35 4240 ,
143 4198 189 4262 tt)
207 4197 293 4249 Str-nb.
310 4194 368 4250 vltt
384 4212 407 4264 p.
418 4193 467 4245 ott
490 4193 553 4257 (224
571 4192 707 4257 Teneion).
732 4191 864 4244 veriorem
880 4209 996 4262 3333333,
1013 4211 1059 4247 cur
1075 4194 1123 4255 «ts
1139 4187 1241 4248 tiberin

73 4282 195 4347 dictauit,
208 4280 280 4334 meo
291 4283 323 4334 nd
335 4282 408 4334 Ant.
422 4295 448 4332 v.
460 4279 507 4330 tut
519 4286 653 4347 metuerat,
671 4278 771 4331 scilieet
782 4278 848 4346 qnod
859 4280 973 4347 opellae
985 4280 1056 4333 uidae
1069 4281 1093 4331 ia
1106 4281 1181 4346 ulna,
1193 4277 1242 4332 dal

73 4367 123 4433 τῆς
134 4361 249 4435 ditmar,
266 4368 378 4433 norisne
390 4363 568 4433 conopicintnr.
591 4363 641 4417 Sed
654 4362 719 4416 tuln
730 4362 835 4432 epitheti
848 4362 1027 4433 interpretatio
1039 4364 1138 4434 effecit,
1149 4374 1179 4418 at
1190 4366 1243 4418 Ac·
