2962 4808
35 150 42 162 ‘
89 156 108 193 Ι

678 216 720 279 23

598 304 798 317 -ι-ι-ι-

41 450 47 459 .
74 442 86 463 .
116 401 180 484 dipi
192 408 300 465 matra:
314 418 391 483 quac
402 407 500 482 lamen
511 403 610 467 omnia
621 421 683 467 non
694 404 729 467 ad
741 404 828 468 buius
840 403 989 468 Cretensis
999 406 1214 489 Tlreogoniam,
1228 406 1281 469 sed

63 468 80 501 a
115 504 234 584 adeius
250 503 455 584 cognomines.
469 514 519 568 aut
533 508 722 589 genealogum
738 515 788 569 aut
801 506 932 581 alterum,
941 484 996 588 'spui
1012 508 1049 571 de
1060 509 1167 573 llbodc
1182 511 1281 574 dorica
1354 552 1358 569 .

116 604 408 689 scripsitpertinere
422 607 630 686 ridentur01).
1048 596 1057 623 ⁸

49 704 56 715 '
79 732 83 739 ·
203 709 283 774 llaec
301 716 372 773 aunt
391 711 463 785 lere,
483 728 558 791 quae
579 711 615 774 dc
635 710 815 774 carminibus
837 709 1019 791 tbeogonicis
1035 714 1195 777 memoriae
1208 734 1281 796 pro·

116 811 1281 897 ditababemus:namcyclicumTheogoniam,quamnonnulliluiesecre-

116 917 270 995 didcrunt,
289 935 393 1001 reapse
412 918 520 1009 nubam
541 917 631 981 luisse
647 919 778 1001 plerique
791 937 871 982 nunc
886 918 1087 994 consentiunt,
1108 927 1137 981 et
1155 919 1281 984 Cinae-

115 1022 246 1089 tbonis
274 1020 492 1105 genealogicum
522 1022 641 1105 quidem
672 1041 805 1100 carmen,
834 1040 895 1085 non
926 1031 1035 1099 nutem,
1065 1029 1097 1087 ut
1122 1024 1283 1088 Haerenius
1364 1100 1367 1105 ¹

115 1126 225 1201 voluit,
241 1125 413 1208 Theogonis
428 1127 518 1190 luisse
535 1126 657 1189 ridetur.
684 1127 863 1190 Ferebantur
879 1134 975 1188 autem
992 1126 1179 1208 Tltccgoniae
1195 1128 1282 1191 etiam

117 1230 251 1314 pedestri
269 1247 408 1293 sermone
421 1229 561 1310 scriptae,
580 1215 746 1292 Ab'aridis
766 1239 795 1293 et
810 1231 1043 1308 tristemur),
1063 1229 1099 1291 de
1115 1230 1221 1311 quibus
1236 1231 1283 1294 ni·

116 1334 163 1399 lril
177 1342 294 1418 practer
312 1350 421 1396 noman
441 1332 528 1396 nobis
548 1332 683 1396 innotuit.
717 1332 878 1397 obscurior
898 1335 985 1397 etiam
1006 1342 1051 1396 est
1075 1332 1283 1397 Dromoeri-

49 1428 52 1439 '
119 1440 186 1502 dac
208 1445 258 1500 aut
276 1435 471 1499 Democriti
495 1436 651 1511 memoria,
676 1438 752 1519 apud
773 1439 969 1518 Fulgentium,
995 1436 1084 1518 myth.
1107 1436 1140 1510 11,
1159 1438 1211 1513 17,
1236 1438 1285 1499 nbi

25 1606 29 1611 ,
119 1540 185 1603 eius
214 1539 385 1619 'theogonia
412 1538 529 1612 citatur,
561 1549 590 1600 et
612 1540 854 1620 blytbographum
886 1540 1050 1601 llnmanum
1075 1538 1109 1612 ll,
1138 1540 1205 1602 107.
1245 1540 1286 1601 Dc

118 1640 336 1722 Pherecydis
350 1649 449 1703 antem
465 1660 554 1722 opere
568 1642 742 1722 theologico,
758 1642 803 1705 cui
816 1660 876 1704 non
889 1641 986 1722 inepte
997 1641 1084 1703 etiam
1098 1641 1286 1722 Theogoniam

119 1761 235 1807 nomen
253 1742 368 1825 imponi
386 1743 496 1825 potuit,
517 1751 546 1806 et
565 1746 644 1825 quod
660 1744 831 1807 Aristoteles
849 1744 930 1825 ‹puaei
946 1744 1075 1806 medium
1091 1744 1166 1807 inter
1181 1744 1286 1825 poesin

30 1885 33 1889 ·
121 1855 152 1912 et
166 1846 386 1930 philosophiam
400 1846 491 1910 luisse
505 1847 545 1910 ait
554 1852 567 1891 ⁰
576 1850 621 1926 ³),
642 1847 737 1911 dicere
752 1867 831 1912 nunc
844 1867 905 1911 non
922 1851 1027 1930 placet,
1046 1868 1137 1931 quum
1151 1866 1285 1930 praeser-

121 1951 193 2026 tim,
208 1950 350 2033 quidquid
365 1950 421 2013 dici
435 1969 452 2013 a
466 1970 515 2013 me
529 1951 666 2032 potuerit,
682 1952 873 2015 subtilissima
889 1953 1008 2014 Prelleri
1024 1951 1284 2030 dissertatioue⁰⁴)

123 2063 176 2119 aut
190 2036 366 2136 occupatum
381 2061 431 2116 aut
450 2062 620 2134 superatum
636 2074 702 2116 esse
717 2055 838 2116 rideam.
868 2055 925 2116 Sed
942 2054 1074 2116 aitiiciam
1089 2073 1235 2135 perpauca
1251 2055 1287 2117 dc

123 2157 162 2221 iis
178 2157 370 2231 carminibus,
389 2175 463 2238 quaa
481 2165 563 2219 erant
578 2158 614 2219 de
630 2158 752 2219 deornm
769 2177 835 2221 cum
850 2157 1001 2219 Titanibus
1016 2157 1187 2234 certamine,
1206 2157 1285 2238 quod

126 2269 334 2343 argumentum
353 2268 533 2341 quantopere
553 2279 620 2322 cum
635 2260 804 2339 Theogonis
826 2259 1013 2321 coniunctum
1035 2259 1134 2334 luerit,
1154 2278 1202 2321 res
1222 2259 1286 2341 ipsa

127 2372 158 2428 et
175 2363 314 2427 Hesiodci
337 2361 475 2426 carminis
499 2362 678 2444 comparatio
705 2361 840 2424 ostendit.
876 2362 918 2423 lle
941 2362 977 2423 de
997 2360 1104 2425 Musaei
1124 2360 1241 2443 quidem
1261 2370 1289 2425 et

128 2469 294 2548 Thamyrae
308 2464 536 2528 Titancmacbiis
555 2465 612 2526 iam
633 2484 721 2546 supra
743 2466 852 2529 dictum
873 2475 926 2527 est.
956 2466 996 2527 De
1010 2464 1145 2527 Eumeli
1160 2466 1289 2528 1111111-

128 2569 220 2634 etini
243 2567 462 2631 Titanomacbia
485 2568 624 2649 quidquid
649 2577 831 2649 compertum
857 2576 916 2639 est,
943 2576 1214 2631 commemorarunt
1238 2567 1287 2650 qui

129 2674 167 2736 de
186 2672 265 2755 cyclo
285 2670 368 2753 epico
389 2670 586 2752 disputarunt,
605 2689 678 2751 quae
698 2670 856 2750 compilare
876 2669 948 2732 nibil
969 2690 1044 2752 opus
1064 2679 1117 2733 est.
1148 2672 1215 2735 Non
1231 2672 1287 2733 im·
1309 2679 1343 2732 to

129 2773 320 2859 probabiliter
342 2774 400 2837 buc
422 2774 560 2846 relertur,
586 2773 664 2853 quod
690 2793 725 2834 ex
746 2772 980 2847 Titanomaebia,
1005 2775 1058 2836 sed
1078 2774 1143 2836 sine
1162 2776 1289 2838 auctoris

129 2879 265 2954 nomine,
279 2885 459 2940 memoratur
472 2877 503 2939 in
520 2875 648 2938 Crameri
663 2876 831 2948 anecdotis,
847 2878 860 2937 1
874 2895 903 2956 p.
917 2877 971 2938 75:
1002 2868 1159 2959 Aide'poc
1179 2869 1250 2953 υἱὸς
1272 2868 1291 2940 ὁ

133 2973 291 3064 Οὐρανός,
314 2969 359 3055 ὦς
380 2969 400 3042 ὁ
420 2973 481 3063 τήν
508 2968 751 3058 Τιτανομαχίαν
774 2971 914 3061 γράψας.
944 2978 1075 3039 Aetheris
1095 2985 1124 3040 et
1138 2977 1198 3039 Dici
1214 2980 1290 3040 filius

131 3084 237 3149 Coelos
252 3090 298 3145 est
311 3081 396 3144 etiam
412 3081 489 3162 apud
506 3080 653 3161 Hyginum
668 3099 713 3158 pr.
730 3099 758 3159 p.
772 3079 792 3139 2
806 3078 937 3142 biunde:
955 3078 1059 3141 iisdem
1075 3079 1244 3160 parentibus
1260 3081 1289 3141 in

130 3185 277 3249 Hesiodeo
303 3185 432 3267 quodam
458 3182 587 3248 carmine
612 3174 742 3265 Βρατός
771 3189 858 3243 natus
883 3201 948 3244 esse
973 3181 1136 3254 dicebatur,
1170 3181 1291 3243 bomani

10 3294 16 3371 ξ
129 3286 259 3371 generis,
274 3294 307 3349 ut
320 3284 447 3359 videtur,
464 3284 726 3366 primigenius05),
741 3285 913 3364 fueruntque
929 3283 1014 3346 etiam
1030 3283 1079 3364 qui
1093 3282 1154 3345 Iovi
1169 3283 1292 3345 Aethera

10 3374 16 3459 ¹:
129 3399 245 3474 patrem
266 3389 440 3466 darentlll.
481 3387 625 3450 dmudtis
645 3396 740 3448 autem
756 3387 864 3448 tletlrer
882 3395 910 3448 et
925 3386 1039 3448 Uranus
1059 3385 1228 3468 promiscue
1246 3384 1291 3446 di-

12 3480 18 3545 ἐ
131 3502 248 3558 ciuntur.
268 3528 310 3540 -
329 3492 371 3554 Ex
395 3492 499 3555 eodem
520 3490 633 3553 Eumeli
658 3488 718 3551 sire
739 3487 849 3550 bretini
874 3488 1001 3552 carmine
1025 3488 1111 3552 etiam
1136 3487 1167 3551 bi
1189 3505 1292 3550 uersus

202 3783 244 3851 61)
261 3783 333 3848 Βίας.
347 3782 432 3834 baert.
443 3780 463 3845 l,
476 3780 531 3831 119.
556 3776 593 3831 (ll.
606 3778 713 3829 Boeekb.
726 3777 757 3827 cd
770 3776 869 3829 Pindon.
882 3778 972 3844 explic.
984 3795 1008 3845 p.
1020 3777 1077 3829 169.

203 3869 245 3935 62)
263 3867 321 3920 vit.
335 3867 426 3919 suidas
435 3867 460 3917 in
473 3857 582 3932 Ἄμαρις
593 3869 621 3913 et
634 3855 782 3931 Ἀριστέας.

205 3953 247 4021 63)
266 3953 407 4020 Metaphyr.
421 3947 524 4016 111111.

203 4041 245 4106 ot)
264 4040 291 4091 ln
304 4037 393 4090 blusso
406 4036 523 4088 llbcnanc
535 4051 593 4087 ann.
608 4033 681 4085 1845.
694 4033 725 4085 111
737 4051 761 4102 p.
771 4032 830 4084 377.

204 4125 246 4189 65)
264 4124 375 4192 Etymol.
387 4113 422 4174 bl.
434 4136 457 4190 p.
468 4119 526 4187 215,
537 4120 578 4172 ³7.

206 4210 248 4278 cc)
267 4205 652 4272 vasionensium
667 4204 983 4274 tripedaneam„
1045 4167 1058 4206 ³
1092 4246 1115 4285 ·.
