2962 4808
623 340 682 403 261

557 429 676 439 ——-
683 429 760 442 -ι-

77 547 195 612 capram
215 528 398 594 Amaltheam
418 529 455 594 ab
479 529 515 593 iis
540 532 659 594 alenium
679 531 787 594 dictam
811 550 878 593 esse
898 529 1068 603 credamus,
1095 532 1144 614 qari
1170 533 1240 615 quid
1263 548 1296 602 rt

76 651 164 715 capra
175 632 274 696 lovena
286 633 449 697 nutricante
461 633 673 716 significaretur
688 655 750 700 non
762 635 975 716 intelligerent
989 622 1130 699 Prianitus
1141 647 1240 700 autern

75 736 226 800 ltmaltlaea
242 737 371 819 nympha
386 738 531 815 luitlll),
549 758 625 820 quae
643 740 723 821 quod
743 739 877 802 omnium
898 738 1045 801 bonarum
1065 757 1165 802 rorum
1186 760 1238 802 oo·

76 839 154 921 piam
169 840 304 913 haberet,
324 839 411 902 etiam
426 841 462 902 ad
478 841 684 905 nutricandam
699 843 784 904 talem
800 859 926 923 pruerum
941 840 1094 923 aptissima
1108 842 1169 906 risa
1183 853 1239 911 cst.

75 943 266 1007 concinnatis
282 942 387 1006 deinde
407 944 521 1008 duabus
541 946 647 1009 tabulis
662 944 785 1008 dirersis
800 945 908 1007 lactum
923 954 982 1016 est,
1006 952 1038 1005 ut
1056 954 1107 1007 aut
1126 945 1189 1027 ipsa
1208 944 1239 1007 in

76 1066 193 1129 capram
209 1048 477 1123 transformaretur,
493 1056 544 1111 aut
555 1067 673 1132 capram
688 1048 827 1112 babuisse
838 1048 992 1123 diceretur,
1008 1047 1092 1112 ouium
1107 1046 1179 1112 laeto
1191 1048 1240 1111 lo·

77 1170 141 1214 rem
156 1151 253 1215 aleret
283 1151 377 1214 Porro
397 1169 489 1232 quum
509 1152 662 1235 caprinum
677 1152 723 1216 lac
737 1171 792 1216 neo
806 1172 895 1216 suase
910 1171 965 1216 nec
979 1153 1095 1216 salutare
1115 1152 1240 1215 haltere·

76 1264 132 1329 tur,
147 1254 204 1318 nisi
220 1254 303 1318 melle
317 1255 523 1331 admixto³³),
543 1256 640 1318 lovem
656 1275 774 1337 quoquc
789 1273 851 1317 non
867 1255 931 1317 sine
946 1256 1030 1319 melle
1045 1254 1151 1318 nutriri
1165 1275 1239 1318 casar-

76 1356 215 1420 ronielmt.
245 1356 320 1419 llinc
330 1356 447 1419 llelissa
459 1356 548 1419 ascita
559 1367 612 1432 est,
626 1358 793 1421 Amaltheae
808 1375 904 1429 soror,
919 1365 1002 1437 patro
1012 1357 1157 1430 llelisseo,
1173 1377 1241 1436 rege

75 1458 207 1520 Cretensi
217 1459 280 1536 Μ).
311 1458 431 1538 Orplaioi
447 1458 597 1521 lllelissum
613 1458 782 1521 Amaltheae
796 1458 952 1537 coniugem
967 1458 1118 1531 eliserunt,
1135 1478 1171 1520 ex
1185 1479 1239 1519 eo·

75 1579 132 1640 que
147 1559 285 1641 coniugio
301 1560 473 1622 Adrasteam
488 1568 517 1621 et
530 1558 611 1622 idam
627 1569 807 1642 procreatas,
823 1577 899 1639 quae
913 1558 990 1621 loris
1006 1559 1135 1621 nutrices
1151 1562 1240 1620 tartac

76 1662 135 1724 sint
145 1665 208 1739 Η).
238 1662 299 1724 llas
315 1660 402 1722 etiam
417 1660 617 1741 Apollodorus
631 1663 657 1733 l,
677 1664 709 1735 l,
724 1663 744 1723 o
759 1659 907 1734 nominat,
924 1660 976 1721 sed
992 1658 1173 1722 Amaltheam
1189 1680 1241 1722 ca·

75 1782 160 1844 pram
176 1762 255 1827 dicte
284 1761 477 1844 llpginus⁸⁰)
494 1771 556 1824 tres
571 1780 693 1825 sorores
709 1760 800 1824 luisse
815 1769 925 1833 narrat,
940 1761 1133 1835 Amaltheam,
1148 1761 1242 1823 atdra-

76 1874 183 1937 steam,
198 1864 294 1939 idam,
309 1862 346 1926 ab
361 1863 423 1925 aliis
439 1862 581 1953 llolissei,
597 1864 634 1926 ab
648 1864 712 1927 aliis
727 1873 823 1927 autem
840 1861 948 1925 Oceani
963 1862 1037 1925 idias
1052 1862 1161 1935 alietas,
1175 1882 1241 1924 aas·

76 1967 203 2048 demque
228 1966 315 2029 etiam
336 1965 506 2028 Dodonides
533 1965 678 2047 nymphas
699 1963 859 2048 perhiberi:
885 1964 964 2026 unde
984 1981 1046 2025 non
1070 1963 1168 2045 inepte
1187 1963 1242 2026 ali·

75 2069 141 2152 quis
157 2070 309 2142 coniiciat,
324 2068 415 2131 luisse
429 2067 516 2130 etiam
531 2066 581 2148 qui
597 2068 737 2130 Dodonae
752 2068 849 2129 torem
865 2066 1042 2129 nutricatum
1058 2065 1175 2128 uellent.
1205 2065 1243 2128 Et

75 2171 244 2234 Amaltheae
263 2170 381 2252 quidem
402 2168 432 2230 in
447 2168 552 2250 Epiro,
572 2169 621 2232 ubi
641 2170 765 2232 boulena
785 2168 851 2241 luit,
871 2168 997 2248 aliquam
1019 2170 1128 2230 lamam
1148 2167 1241 2229 luisse

75 2274 260 2337 Amaltheam
279 2271 347 2335 illud
363 2270 545 2353 Epiroticum
565 2273 694 2352 probare
707 2272 836 2343 videtur,
856 2271 892 2332 do
911 2290 971 2352 quo
991 2268 1240 2352 supradiximus.

75 2378 117 2440 lle
132 2377 272 2440 Adrastea
286 2386 382 2438 autem
398 2373 523 2437 dubitari
542 2391 604 2436 non
620 2382 733 2454 potest,
751 2373 823 2455 quin
843 2391 878 2435 ea
897 2372 1036 2453 primitus
1052 2388 1113 2433 non
1127 2371 1164 2431 ad
1179 2371 1241 2433 llo·

75 2481 184 2544 donam
205 2498 300 2563 neque
319 2478 445 2560 aliquam
463 2476 599 2540 Graeciae
613 2486 727 2558 partem
748 2474 935 2559 pertinuerit,
954 2476 1007 2539 sed
1022 2473 1166 2557 Pbrygiae
1186 2473 1241 2538 dea
1285 2535 1287 2538 a

146 2819 201 2884 illl
215 2816 277 2872 Nais
290 2817 420 2872 Amalthea
432 2822 473 2868 ert
484 2830 523 2884 ap.
537 2813 610 2868 ortt.
623 2813 695 2870 Part.
707 2813 740 2882 V,
760 2814 816 2868 llb.

146 2923 188 2987 53)
205 2918 262 2978 Οὐκ
274 2917 400 2994 (inpulit
415 2915 482 2974 diuo
497 2921 610 2991 μέλιτος
622 2919 839 2991 προσφέρεσθαι
853 2917 885 2971 rai
899 2919 955 2971 τῶν
966 2918 1057 2987 eclysis
1068 2913 1150 2987 priter,
1164 2919 1245 2985 inspuit

80 3010 191 3061 Galenus
205 3004 342 3078 π.ιι1χι1μ.
355 3009 404 3059 el
418 3014 476 3059 tom.
486 3006 520 3057 tv
534 3024 558 3074 p.
569 3007 618 3057 tou
628 3005 720 3070 liliam,
733 3005 888 3073 aliorumque
901 3006 1053 3056 medicorum
1066 3005 1131 3055 idem
1145 3004 1244 3071 praeri-
1313 3000 1318 3009 '

78 3096 197 3164 pientiam
216 3095 286 3145 locos
306 3092 394 3144 attulit
410 3094 563 3158 llocbartas,
580 3091 682 3142 llieroa.
694 3088 745 3141 l'.l
763 3089 792 3140 t..
804 3088 824 3140 ll
837 3105 859 3140 e.
873 3090 888 3139 5
905 3106 929 3157 p.
939 3090 998 3140 oto.
1036 3090 1074 3140 ct.
1093 3091 1245 3141 lliiaemaas.

78 3183 110 3232 ad
122 3181 237 3233 [iactant.
250 3178 269 3243 l,
283 3178 325 3245 22,
339 3178 379 3231 lli.
403 3177 548 3229 Schneider.
561 3191 600 3244 ap.
614 3174 721 3226 lboerlsla.
733 3176 765 3225 ad
774 3174 845 3226 Pind.
857 3174 899 3226 01.
912 3173 953 3241 Vl,
966 3174 1007 3225 lii.

147 3282 189 3346 541
203 3281 319 3334 Laetant
331 3281 353 3349 l,
367 3279 413 3344 22,
428 3280 471 3332 lbs
495 3280 640 3349 „llidpnmrs
653 3278 676 3330 ia
689 3277 761 3329 libris
773 3272 927 3347 ἐξηγήσεως
938 3276 1112 3348 Πινδαρικῆς
1122 3279 1171 3346 ait,
1190 3278 1246 3331 lle·

80 3370 156 3420 lissea
168 3369 326 3420 Cretennuna
344 3382 429 3432 regem
445 3368 549 3436 primam
562 3367 609 3417 diis
627 3365 794 3417 sacrificasse.
805 3392 840 3403 -
851 3392 886 3404 -
898 3365 977 3416 lluiaa
994 3366 1057 3417 duas
1075 3366 1154 3417 luisse
1172 3367 1247 3430 tilias,

80 3455 234 3506 llnaaltbeoru
251 3461 278 3506 ot
289 3453 431 3516 Meliorem,
449 3469 512 3520 quae
525 3451 608 3504 lovem
624 3467 727 3519 puerum
744 3452 846 3519 caprino
865 3451 931 3503 laeto
947 3467 978 3502 ae
994 3453 1070 3503 mello
1088 3453 1248 3507 nutrieruuta

81 3542 145 3593 unde
162 3540 261 3610 poetica
273 3540 317 3592 illa
335 3539 419 3593 labala
438 3540 559 3605 originem
576 3539 695 3606 sasnpsit,
711 3538 846 3589 advolasse
862 3553 924 3605 apes
941 3545 1018 3605 atque
1035 3555 1064 3588 os
1082 3540 1153 3605 paeri
1170 3541 1247 3592 melle

80 3629 247 3697 compleasc.“
270 3625 332 3679 lbera
349 3642 378 3679 so
394 3634 482 3679 contra
500 3625 605 3690 babere,
622 3625 799 3693 llclissssaqae
816 3634 844 3677 et
861 3624 1007 3676 blelissoasa
1025 3640 1058 3677 ex
1075 3626 1181 3694 poeticis
1196 3627 1249 3679 illis

79 3716 168 3783 apibus
181 3713 262 3766 laotos
274 3729 344 3782 esso,
362 3714 483 3766 neminem
497 3714 578 3766 latere
595 3720 688 3781 potest.
713 3712 750 3763 llo
766 3712 806 3764 bis
821 3711 911 3779 apibus
923 3709 956 3762 cl.
969 3719 997 3762 et
1008 3712 1101 3764 Aoton.
1114 3712 1170 3765 Lib.
1182 3712 1247 3766 tter.

81 3819 102 3854 e.
119 3802 158 3854 19.
183 3801 262 3867 νοις.
275 3799 369 3866 Geor-g.
381 3800 425 3866 tv,
440 3801 496 3852 lbll.
517 3800 649 3851 Columell.
661 3797 712 3865 tx,
730 3799 754 3850 2.
777 3799 936 3850 Addidenaat
946 3797 990 3849 alii
1002 3797 1131 3851 columbas
1145 3798 1249 3864 (nebes-

11 3877 13 3883 ’
80 3883 161 3953 ridor)
174 3898 202 3941 et
213 3888 327 3958 aquilam,
341 3894 429 3939 nectar
441 3885 493 3938 lovi
505 3893 532 3938 et
543 3884 692 3938 ambrosiana
704 3885 856 3952 afferentes,
868 3893 896 3936 et
908 3893 1013 3955 propter
1023 3885 1049 3938 id
1060 3887 1178 3939 meritura
1190 3894 1250 3956 post

82 3974 106 4027 iu
120 3974 245 4028 sideribus
257 3974 405 4027 collocatos.
428 3973 549 4027 Atlreaae.
562 3971 599 4026 xt
611 3990 634 4042 p.
646 3972 706 4026 lbl.

151 4079 193 4146 bb)
206 4079 263 4132 Vid.
276 4077 386 4132 Lobcci.
400 4077 523 4147 Aglaopb.
535 4093 560 4146 p.
570 4076 628 4129 511.

152 4182 193 4248 56)
206 4182 269 4236 Fab.
284 4182 332 4234 182
344 4199 368 4252 p.
377 4181 437 4233 214.
459 4178 628 4250 Nympharum
641 4181 739 4233 aomina
752 4180 776 4233 in
789 4180 916 4233 codicibus
928 4181 1023 4251 scripta
1033 4189 1094 4234 saat
1103 4181 1252 4249 ldotbra‚

82 4269 231 4336 Althaea,
247 4270 401 4336 Adrasta,
418 4282 482 4336 qaas
499 4267 557 4335 qaia
576 4273 646 4323 racto
662 4266 828 4320 ablaackero
844 4283 900 4321 cass
917 4268 983 4336 illis,
998 4282 1063 4339 qaae
1079 4285 1157 4340 sopra
1169 4271 1252 4340 possi,

82 4362 178 4408 maura
190 4355 249 4423 siat,
262 4371 334 4410 aeno
346 4352 478 4408 dubitabit.
