2962 4808
752 311 813 377 102

204 503 309 568 obruit:
325 503 396 564 isaeo
409 503 454 564 vis
469 520 613 585 aquarum
624 491 794 579 Ὠκεανός,
814 501 1029 581 Celeriteua,
1049 504 1165 580 dieitur,
1179 504 1215 569 ab
1230 504 1366 568 obsoleta

203 606 289 668 serbo
301 596 377 683 ίειν,
389 604 450 668 ire.
470 607 620 687 dquamm
631 603 806 667 edusianem
819 605 955 668 comitata
967 614 1012 669 est
1023 608 1367 671 maximaelementomm

202 707 334 771 omnium
346 706 534 789 perturbatio,
550 717 582 771 ut
594 707 723 780 disiecta,
736 706 841 780 soluta,
852 706 996 788 permixta
1008 727 1128 773 sursum
1141 711 1282 773 deorsum
1299 728 1367 773 rue·

202 820 267 873 rent
280 819 367 891 atque
382 813 540 884 terrentur,
560 829 654 892 arsque
670 811 742 872 dum
758 819 865 872 mutuo
881 810 992 891 seipsa
1008 813 1170 875 coercendo
1187 813 1287 877 turbas
1302 813 1368 877 idas

203 923 446 994 composuonmt.
472 914 557 975 itum
569 913 721 975 uniuersae.
736 921 856 974 naturae
869 913 1025 975 tumultum
1038 916 1142 976 iratres
1154 915 1262 978 Oceani
1274 916 1368 978 deno·

204 1025 277 1090 tant,
293 1035 347 1098 per
360 1016 456 1098 paria,
472 1025 504 1077 ιιι
519 1015 625 1097 singuli
642 1014 765 1096 singulis
781 1015 911 1096 oppositi
926 1023 1010 1090 sunt,
1024 1015 1162 1098 deinceps
1177 1018 1368 1099 prodeuntes.

203 1120 336 1183 Primum
348 1118 426 1181 esaim
438 1119 582 1182 edbsione
594 1119 638 1182 iiia
647 1137 789 1201 operarum
801 1136 892 1199 qurum
904 1118 1099 1181 miscerentur
1109 1120 1369 1185 emniaetturbida

204 1225 314 1295 tierent,
330 1222 480 1303 paullatim
495 1240 601 1285 rursm
613 1222 739 1285 diseemi
752 1221 895 1303 perraixta
908 1229 936 1282 et
947 1221 1061 1303 seiungi
1073 1241 1205 1303 quaeque
1219 1223 1256 1285 ab
1267 1222 1370 1286 alienis

203 1333 374 1408 caeperunt
404 1325 481 1388 iiaec
505 1325 705 1406 significantur
724 1316 841 1397 Κοίου,
862 1322 1027 1399 ΤιιιΙιιιΙί,
1052 1333 1079 1386 οι
1101 1317 1217 1408 Koios,
1236 1324 1371 1406 Seiugi,

204 1427 386 1492 nominibus.
424 1429 483 1491 iam
504 1428 709 1491 attotiebantur
729 1427 799 1503 aiia,
824 1425 878 1489 aba
899 1426 1118 1506 mergebantur:
1142 1426 1212 1490 bine
1235 1424 1370 1509 appedati

205 1542 274 1595 sunt
284 1522 467 1616 Ὑπερίων,
483 1531 598 1604 Talia,
614 1541 644 1594 et
657 1521 820 1606 Ἰαπετός,
836 1529 926 1592 biers
936 1529 1001 1593 ius.
1031 1529 1223 1594 biorebantur
1237 1550 1328 1613 pmro
1344 1540 1372 1594 et

206 1636 342 1698 meabant
356 1634 411 1698 alia
426 1634 478 1706 sie,
493 1644 527 1698 ut
539 1643 695 1697 manerent
711 1643 809 1695 tumen
825 1632 901 1695 inter
914 1633 1080 1707 amandum,
1095 1633 1150 1696 alia
1163 1643 1195 1695 ut
1207 1633 1372 1698 diffluerent

179 1805 183 1809 ,
206 1746 236 1801 οι
258 1737 483 1819 dissiparentur.
519 1737 598 1800 Haec
622 1737 786 1800 indicantur
808 1727 925 1812 Θείας,
951 1736 1184 1807 ΛοιΙιιιΙοοοο,
1211 1747 1241 1800 οι
1255 1727 1371 1815 Ῥείας,

207 1839 392 1916 Fiuoniae,
411 1839 591 1903 nominibus.
622 1839 827 1902 Firmabaotur
841 1839 919 1901 dura
933 1848 963 1900 et
978 1838 1189 1914 statuebantur,
1204 1840 1371 1903 excitaban-

152 2022 156 2029 ,
209 1952 256 2005 tur
274 1952 372 2005 autem
393 1952 420 2005 et
437 1942 700 2006 eoormorebantur
714 1941 906 2022 qtsiescentia:
924 1940 1029 2022 bisque
1048 1942 1153 2004 officiis
1176 1941 1373 2022 iungebantur

211 2039 327 2125 Θέμις,
349 2044 503 2117 Statina,
524 2056 552 2107 et
573 2038 788 2129 Μνημοσύνη,
804 2044 952 2106 Moneta.
984 2044 1068 2124 opus
1083 2052 1146 2107 erat
1160 2045 1247 2108 etiam
1264 2063 1372 2125 purga·

210 2147 289 2210 tione
304 2149 429 2228 quradam
445 2156 475 2209 et
489 2146 658 2221 nutritione,
674 2145 824 2208 inutilibus
840 2134 869 2207 ed
883 2145 978 2207 noxiis
990 2147 1122 2221 reruotis,
1137 2147 1264 2210 admotis
1275 2155 1372 2211 autem

211 2249 327 2312 utibbus
343 2259 372 2311 et
387 2249 579 2311 salutaribus:
600 2249 721 2311 attemm
739 2238 863 2330 Φοίβη,
879 2246 1030 2321 Februa,
1051 2249 1229 2329 praestabat,
1250 2249 1373 2313 alterum

215 2343 342 2436 Trete,
359 2349 533 2413 diumnia.
564 2349 721 2412 Pssstremo
741 2347 911 2429 composuit
931 2365 1036 2410 onmes
1052 2350 1108 2413 bos
1124 2361 1224 2414 motus
1240 2343 1375 2434 Κρόνος,

210 2453 389 2527 Persicus,
410 2451 550 2515 diuturno
567 2460 596 2513 et
617 2451 726 2514 didiciti
742 2470 843 2532 oluere,
859 2451 938 2514 unde
953 2441 1182 2538 ἀγκυλομήτης
1200 2453 1315 2516 dieitur.
1331 2488 1374 2500 -

208 2555 376 2618 Nascuntur
396 2554 502 2617 deinde
522 2554 648 2628 touitm,
673 2553 799 2625 solemn,
823 2553 994 2633 trrtprrado,
1022 2546 1184 2639 Βρόντης,
1211 2555 1373 2630 Tonuus,

207 2647 1373 2744 Scaptione,Praestinxiusssbdaypg,Fulgetrus,quilidndeorrsg,Vol·

207 2760 290 2834 soii,
312 2780 417 2824 omnes
432 2761 500 2825 dieti
517 2770 588 2824 sunt
603 2769 771 2843 propterea,
792 2760 860 2841 quia
876 2777 930 2841 per
943 2760 1057 2822 coetum
1073 2758 1240 2823 solvuntur:
1261 2761 1373 2842 grande

209 2884 313 2946 perrea,
333 2863 428 2928 imber
441 2876 470 2928 et
485 2865 548 2941 nix,
570 2859 714 2941 Κόττος,
734 2864 757 2927 F
765 2864 876 2938 erius,
895 2857 991 2949 Γύης,
1014 2861 1172 2936 Sulcius,
1193 2857 1374 2947 Βριάρεως,

209 2967 395 3031 Guarinus.
429 2967 534 3031 Omnis
555 2979 653 3031 autem
675 2969 746 3031 baec
766 2968 843 3030 Coeli
858 2967 1022 3048 Terraeque
1042 2965 1199 3049 progenies
1220 2961 1376 3052 Τιτήνων,

210 3071 428 3145 Tendonum,
444 3089 553 3134 nomen
569 3071 690 3154 aceepit,
702 3090 765 3134 non
780 3069 816 3135 ab
831 3070 884 3134 aba
899 3090 939 3146 re,
954 3089 1041 3152 quam
1058 3069 1137 3153 quood
1153 3071 1231 3132 ultro
1245 3069 1377 3151 citroque

211 3175 360 3239 tendendo
388 3193 508 3238 onmem
538 3194 635 3237 rerum
663 3184 796 3236 naturam
829 3184 1079 3258 pertentarerunt,
1107 3192 1257 3256 quumque
1282 3180 1377 3235 tenta·

212 3290 309 3340 metata
324 3279 396 3341 haee
409 3288 511 3341 essent
525 3279 695 3341 condendae
711 3296 810 3340 rerum
827 3287 959 3351 naturae,
975 3278 1026 3340 sed
1042 3277 1131 3351 irrita,
1147 3275 1282 3340 nondum
1298 3274 1375 3337 iusto

212 3380 329 3443 inuento
345 3389 592 3462 temperamento,
607 3399 716 3443 exosus
729 3390 814 3442 natos
831 3399 903 3443 suos
919 3380 1038 3454 Codro,
1055 3391 1086 3443 ut
1097 3381 1222 3462 quisque
1237 3378 1267 3441 in
1282 3377 1377 3440 lucem

210 3484 305 3547 editus
325 3491 420 3559 esset,
444 3502 548 3547 rursus
569 3483 733 3547 occuluisse
754 3483 869 3547 dieitur.
896 3482 928 3546 Ei
949 3484 990 3547 rei
1012 3486 1100 3546 tinem
1121 3480 1265 3567 imposuit
1284 3481 1378 3544 Perii·

163 3606 192 3658 ιι
214 3604 282 3651 eust
306 3595 336 3650 et
360 3597 393 3650 ιιι
416 3586 619 3668 conquievisse
639 3587 819 3668 significetur
839 3596 999 3650 ceterarum
1020 3606 1120 3650 rerum
1139 3588 1230 3650 rudes
1250 3585 1378 3667 impetus

212 3690 363 3772 solamque
378 3691 567 3774 superstitem
583 3692 729 3755 mansisse
745 3690 803 3755 rim
819 3690 1032 3774 perfectrieem,
1047 3689 1189 3753 aPerbeo
1205 3705 1314 3771 parens
1326 3707 1377 3769 ge·

212 3793 332 3857 nemadi
348 3804 493 3876 prostestate
509 3795 640 3877 parisatus
655 3795 775 3870 dieitur,
796 3814 892 3877 neque
908 3804 1005 3858 tamen
1021 3793 1077 3869 ita,
1097 3801 1144 3866 ut,
1165 3792 1216 3874 qui
1231 3791 1289 3854 iam
1304 3791 1379 3854 exti-

214 3907 298 3959 turus
318 3908 380 3960 erat
399 3917 496 3963 nouus
515 3917 613 3962 rerum
633 3901 708 3964 ordo
728 3898 816 3962 adium
837 3910 989 3980 parentem
1010 3897 1144 3971 baberet,
1164 3896 1217 3959 sed
1237 3904 1271 3957 ut
1290 3913 1379 3975 gene·

214 3999 297 4061 madi
312 4000 440 4063 odicium
454 4021 471 4065 a
486 4011 606 4084 parente
620 4004 656 4066 ad
672 4003 767 4086 ipsam
782 4019 881 4065 rerum
897 4008 1061 4064 ereatamm
1082 4008 1216 4062 naturam
1237 3998 1379 4061 transier-

215 4112 306 4165 retur.
337 4101 412 4165 b'am
433 4104 521 4167 alium
542 4115 693 4187 parentem
713 4125 809 4171 notus
825 4106 900 4170 orde
915 4122 1013 4168 rerum
1025 4113 1182 4187 propterea
1196 4101 1305 4166 babere
1320 4119 1381 4164 uon

215 4204 323 4287 potuit,
342 4204 421 4286 quad
441 4224 476 4269 ex
491 4205 595 4270 iisdem
610 4207 734 4287 viribus,
752 4230 788 4274 as
803 4209 910 4293 qrribus
924 4218 1023 4284 antea,
1043 4207 1096 4272 sed
1115 4216 1184 4289 apm
1199 4204 1380 4288 temperatis,

215 4306 314 4372 enasci
334 4306 467 4372 debebat
508 4309 567 4372 Sed
590 4320 624 4374 ut
644 4314 730 4378 eertis
753 4323 783 4378 et
802 4312 896 4377 firmis
914 4311 1028 4395 legibus
1047 4319 1150 4376 natura
1169 4308 1201 4372 in
1223 4306 1381 4391 generandi
