2962 4808
616 368 821 468 ...1.6...

139 561 318 649 praelusisse
332 560 488 625 rideretur.
517 558 554 623 Et
568 567 639 622 sunt
654 561 787 639 protecto
803 558 834 623 in
849 558 899 637 iis,
915 562 1041 644 quaeda
1055 560 1303 629 Phanetedicun·

139 681 202 743 tur,
215 665 370 740 nonnulla,
384 683 511 747 quonum
527 662 690 746 probabilis
706 663 906 746 interpretatio
921 666 968 731 ris
983 666 1105 733 inveniri
1119 670 1232 752 possit,
1246 668 1304 734 nisi

139 773 272 838 «lontrina
288 768 335 834 illa
350 768 489 833 adhibita.
520 768 697 832 Faludamm
712 778 812 832 autem
829 769 986 846 involucra,
1002 773 1111 854 quibus
1127 774 1200 837 haec
1212 774 1304 838 sesti·

138 885 253 950 rerunt,
268 873 392 938 mutuati
407 893 443 937 cs
458 883 540 956 parte
555 874 660 936 saltent
675 893 742 937 esse
756 873 892 937 uidentur
902 894 918 937 e
930 874 1132 953 haris-urorum,
1148 879 1305 962 Aegyptio·

138 999 207 1044 rurn
221 977 394 1061 praecipue,
413 977 607 1060 mythologie,
622 995 682 1059 quo
697 979 821 1051 iactum,
837 986 870 1042 ut
884 978 1006 1042 Pinneti
1020 999 1076 1043 suo
1091 980 1180 1044 etiam
1195 999 1305 1045 nomen

139 1083 335 1166 imponerent,
352 1081 480 1144 incertae
495 1080 624 1163 qusidern,
640 1079 692 1143 sed
707 1079 848 1143 harharae
863 1091 959 1144 tamen
974 1082 1053 1145 haud
1069 1084 1159 1147 duhie
1174 1084 1307 1166 originis,

139 1186 404 1266 Brihapaeum²³).
419 1218 461 1230 -
480 1183 611 1264 Reliqua,
627 1182 656 1245 h.
669 1202 695 1245 e.
711 1192 825 1264 partem
841 1183 1031 1266 'theogoniae
1044 1186 1133 1267 longe
1148 1188 1305 1251 marianam

138 1307 202 1354 non
217 1289 352 1371 equidem
369 1286 535 1361 intercedo,
553 1286 714 1368 quominus
731 1285 768 1349 ad
789 1286 971 1351 0nornauriti
991 1298 1114 1352 aetatem
1134 1291 1306 1364 referamus,

139 1413 207 1476 gua,
219 1401 253 1456 ut
266 1391 404 1456 Lobecldi
418 1390 516 1453 rerhis
531 1393 668 1468 uteru),
689 1399 718 1453 et
732 1399 862 1453 ueterum
877 1400 1031 1473 poetarum
1048 1393 1157 1475 scripta
1172 1393 1307 1457 studiose

139 1495 303 1578 conquisita
323 1503 354 1557 ct
373 1495 562 1579 mysticarum
586 1495 763 1576 religionum
787 1493 932 1558 lenocinia
952 1496 1058 1578 cupide
1079 1497 1206 1579 aligretita
1227 1505 1307 1570 sunt,

140 1619 201 1682 epm
221 1598 332 1662 facilius
351 1608 382 1661 et
401 1598 542 1680 componi
563 1598 620 1661 tale
639 1617 758 1661 canrren
779 1597 816 1661 ab
835 1598 933 1679 aliquo
949 1598 1128 1682 impostore,
1142 1608 1172 1662 et
1186 1599 1305 1681 arripio

141 1703 266 1766 credidis
285 1702 390 1784 potuit
425 1702 594 1765 Pertinehat
613 1711 710 1765 autern
731 1701 803 1763 leaeo
821 1699 978 1782 theogonia
998 1702 1154 1784 pmecipue
1174 1702 1212 1764 ad
1231 1702 1307 1764 cele·

141 1806 282 1881 hrundarp
297 1804 398 1886 Zagrci
413 1805 594 1888 lliougsique
613 1804 810 1878 maiestatem,
830 1804 914 1867 cidus
931 1804 1063 1885 religioni
1079 1804 1227 1886 Orphicos
1243 1824 1307 1866 rna-

142 1909 220 1972 xime
236 1907 351 1971 ‹leelitos
366 1907 459 1970 fuisse
474 1917 605 1982 constat,
620 1925 744 1987 eamque
758 1925 895 1987 nragnanr
910 1925 978 1971 cum
994 1907 1133 1970 Osiriacis
1148 1907 1308 1988 Aegyptio·

143 2030 209 2074 runt
229 2011 320 2074 sacris
345 2009 567 2072 similitudinem
593 2007 734 2071 hahuisse
754 2008 923 2072 llerodutus
943 2019 1046 2072 auctor
1065 2019 1110 2072 est
1122 2015 1189 2085 ἠς
1215 2027 1309 2090 neque

141 2130 317 2196 quemquam
334 2113 416 2193 sugit,
431 2112 477 2175 illa
492 2113 529 2175 de
541 2111 691 2193 dismrpto
706 2112 818 2191 Zagreo
834 2111 931 2174 lalrrda
946 2131 1034 2192 quam
1050 2112 1166 2193 gentina
1182 2110 1221 2172 sit
1235 2111 1308 2184 eius,

141 2235 229 2299 quam
244 2216 280 2279 de
294 2213 412 2278 0siride
426 2234 482 2277 suo
498 2214 568 2276 item
584 2214 734 2294 dismrpto
749 2213 881 2295 Aegyptii
902 2213 1044 2277 ierehant.
1060 2249 1102 2260 -
1122 2214 1200 2276 ilaec
1214 2212 1309 2293 igitur,

142 2319 219 2382 sicut
233 2329 326 2382 cetera
342 2319 491 2400 pleraque,
507 2317 620 2379 duabus
637 2317 693 2379 iilis
710 2315 887 2396 theogoniae
904 2314 1018 2389 turmis,
1030 2315 1083 2388 illi,
1104 2336 1191 2397 queam
1207 2316 1307 2397 vulga·

142 2441 205 2485 rem
220 2420 390 2485 Damasoius
407 2420 491 2494 dicit,
511 2420 664 2502 alterique,
679 2418 764 2482 ouius
780 2417 990 2500 Hieronymum
1007 2427 1110 2481 testem
1126 2419 1209 2492 citat,
1225 2437 1309 2481 com·

142 2524 242 2587 nrunia
260 2525 351 2587 luisse
365 2541 426 2587 non
442 2522 560 2586 duldto:
582 2522 697 2585 ridetur
711 2529 808 2584 autem
825 2520 900 2584 hanc
913 2520 1149 2602 llierongmicam
1165 2521 1312 2584 recentior

142 2628 188 2691 illa
203 2629 290 2710 piane
305 2628 497 2701 obscurasse,
513 2627 635 2708 solaque
650 2625 726 2689 haud
744 2624 831 2688 dubie
845 2626 917 2688 lecta
933 2634 978 2686 est
993 2645 1010 2687 a
1025 2625 1195 2699 Danrascio,
1210 2625 1260 2706 qen
1276 2625 1312 2687 de

142 2730 230 2793 altera
245 2749 280 2791 ea
296 2729 466 2810 llieronyrni
482 2738 596 2791 tanturn
612 2727 709 2809 aliquo
725 2727 801 2789 lihro
817 2727 922 2789 retulit
949 2728 1035 2790 liuns
1049 2737 1147 2790 autern
1163 2726 1311 2790 Rhodium

143 2833 222 2897 illum
233 2853 301 2898 esse
316 2832 414 2906 credo,
429 2831 666 2914 Peripateticum,
680 2829 850 2894 Aristoxeni
862 2831 1039 2905 auditorem,
1056 2830 1231 2911 scriptorem
1244 2851 1311 2894 aro-

143 2929 414 3023 ioypopoisoror,
434 2952 522 3016 quem
543 2953 603 2997 non
624 2935 716 2997 modo
736 2934 773 2997 de
793 2933 889 3017 puetis
911 2934 1005 3016 deque
1024 2933 1157 2997 sabulosa
1176 2932 1310 3007 historia,
1354 2938 1357 2944 '

144 3040 196 3103 sed
216 3041 302 3103 etiam
323 3040 360 3103 de
378 3038 569 3121 philosophis
588 3056 752 3118 corumque
772 3036 885 3118 placitis
906 3038 1000 3101 lihros
1020 3037 1176 3120 scripsisse
1195 3036 1311 3118 accepi·

145 3145 282 3221 mus20),
297 3142 467 3224 inquorum
480 3160 540 3204 uno
552 3141 650 3205 breuis
665 3141 809 3222 quaedam
821 3142 966 3224 Orphioae
982 3140 1156 3222 theogoniae
1167 3138 1312 3221 expositio

147 3247 243 3310 lorum
259 3246 416 3310 cosnenode
431 3244 538 3308 hahere
553 3244 657 3328 potuit.
684 3243 805 3309 Videtur
815 3255 912 3310 auteur
924 3244 1123 3325 Hieronymus
1138 3243 1202 3325 ipse
1218 3242 1248 3304 in
1264 3260 1312 3304 re·

149 3349 276 3412 ferendis
291 3348 401 3431 Orphei
417 3348 530 3431 placitis
545 3347 725 3411 hellanicum
746 3361 898 3413 aurctorem
914 3348 1062 3419 laudasse,
1083 3345 1111 3408 id
1127 3345 1208 3426 quod
1224 3365 1240 3405 e
1254 3343 1312 3407 os-

149 3450 251 3513 mascii
269 3451 365 3514 rerhis
388 3450 543 3514 coniicias:
571 3445 590 3537 ἦ
615 3444 654 3514 δὲ
676 3447 759 3514 κατὰ
780 3447 839 3516 τὸν
856 3443 1046 3534 Ἱερώνυμον
1067 3440 1232 3532 φερομένη
1255 3439 1312 3508 καὶ

145 3543 346 3633 Ἑλλάνικον,
370 3544 466 3637 εἴπερ
487 3548 534 3640 μή
557 3544 657 3619 καὶὸ
681 3545 780 3632 αὐτός
800 3549 888 3633 ἐστι,
911 3573 986 3636 «puae
1000 3549 1200 3631 suspicionem
1217 3566 1313 3628 quan·

219 3791 261 3856 23)
278 3791 335 3845 h'id.
348 3792 454 3846 Lobecls.
467 3811 492 3863 p.
502 3794 552 3847 ild
565 3803 617 3848 aot.
629 3811 662 3846 n.
674 3800 702 3847 et
713 3793 834 3847 Cesum.
847 3793 959 3863 symbol.
970 3788 1002 3842 lll
1015 3806 1039 3857 p.
1049 3787 1100 3840 296
1117 3786 1158 3837 ed.
1168 3781 1207 3851 2.,
1224 3783 1314 3854 quibos

151 3876 208 3928 sddi
221 3886 304 3944 potest
316 3877 428 3945 iltutus,
442 3880 506 3933 llist.
519 3881 609 3949 philos.
621 3880 692 3932 occid
715 3887 779 3932 nott
792 3896 816 3949 p.
826 3878 867 3932 dl.

220 3961 262 4025 24)
280 3962 401 4030 Aglaoph.
415 3981 438 4033 p.
448 3965 506 4016 utt.
531 3966 569 4018 Cf.
583 3965 667 4032 Zoega
681 3982 704 4035 p.
715 3967 774 4018 243.

220 4047 262 4110 25)
280 4048 334 4101 Lilt.
344 4049 363 4102 ll
377 4067 430 4119 esp.
441 4052 473 4103 tu
486 4053 545 4105 roll.
555 4054 596 4105 42.

220 4132 262 4196 nn
281 4132 336 4185 vid.
354 4152 416 4202 quae
433 4137 464 4187 de
478 4137 629 4207 hieronymo
646 4136 838 4204 diligentissime
852 4133 973 4188 disseruit
983 4131 1019 4184 lo.
1032 4129 1124 4181 Lusor.
1138 4126 1220 4179 Lectt.
1233 4125 1312 4178 neue.

153 4235 177 4287 p.
190 4217 296 4285 lhtsqtp
311 4245 347 4258 -
363 4219 446 4273 Minus
463 4223 598 4291 probabilis
615 4232 656 4276 est
672 4223 767 4276 Stenii
783 4221 923 4286 sententis,
945 4218 976 4269 sd
994 4214 1091 4268 ileliae.
1115 4214 1203 4278 iremu-
1219 4210 1314 4279 1³·l0sss

153 4304 304 4373 Aegyptium
316 4306 435 4373 quendam
448 4307 624 4377 Hieronymum
636 4309 825 4375 intelligendum
837 4322 905 4374 esse,
917 4318 990 4374 guen
1001 4300 1119 4368 losephos
1133 4299 1191 4351 Aut.
1204 4294 1257 4375 lsd.
1270 4294 1313 4365 ¹r⁴

153 4389 340 4443 Phsesicies
355 4391 488 4461 scripsisse
503 4404 631 4448 moret
