2962 4808
694 367 733 431 13

233 546 332 640 οἷῖρεα
355 548 388 619 d'
410 546 455 635 ὥς
477 547 626 638 ἀνέτειλε,
649 557 706 625 καὶ
730 553 775 638 ὥς
797 553 944 642 ποταμοῖ
968 553 1161 636 κελάδοντες

232 650 369 748 αι’σῇσιν
390 654 550 750 Νάιιφῃσι
574 658 633 727 καὶ
655 655 778 750 ἑρπετά
800 658 911 729 πάντα
933 659 1075 749 γένοντο·

231 753 343 850 ἤειδεν
365 755 396 828 d'
420 756 466 844 αῖς
487 769 622 851 πρῶτον
640 759 764 857 Ὀιριίον
784 760 814 833 τ’
838 760 1009 857 Εάριϊάμρ
1035 790 1069 834 τε

227 859 380 947 Ὠκεανὶς
401 865 574 960 νιφόεντος
594 864 670 956 ε”χον
691 867 810 960 κράτος
834 865 1040 956 Οιῗλάμιιοιο,

232 963 279 1051 αῖς
301 967 340 1038 δὲ
361 967 420 1062 βῖρ
443 971 500 1040 καὶ
520 973 632 1062 χερσῖν
653 969 672 1041 ὁ
693 973 753 1062 μὲν
774 971 894 1064 Κρόνῳ
915 971 1036 1042 εἴκαθε
1055 974 1164 1064 τιμῆς,

231 1070 252 1166 ἦ
276 1071 412 1168 δὲ’Ῥέῃ,
435 1074 556 1148 ἔπεσον
578 1074 612 1146 d’
633 1077 682 1149 ἐνὶ
704 1076 849 1164 κάμασιν
867 1073 1046 1144 Ὠκεανοῖο·
1320 1096 1346 1148 11

234 1173 267 1246 oi
290 1176 328 1246 δὲ
349 1179 431 1260 τέως
450 1180 638 1270 μακάρεσσι
660 1187 757 1261 θεοῖς
782 1185 921 1270 Τιτῆσιν
942 1173 1094 1259 άνασσον,

233 1275 323 1371 άιρρα
345 1283 430 1363 Ζεάς
451 1279 501 1350 ἔτι
524 1284 649 1373 κοῦρος,
672 1279 723 1351 ἔτι
738 1281 836 1372 φρεσὶ
859 1280 964 1371 erineo
986 1277 1094 1360 eidro'g,

235 1388 401 1452 Δικταῖον
422 1380 569 1452 ναίεσκεν
591 1381 659 1451 ὑπὸ
682 1383 794 1464 σιτέος,
817 1378 849 1450 οἱ
873 1380 911 1449 δέ
930 1408 989 1468 μιν
1011 1378 1107 1449 οάαοι

235 1484 380 1575 γηγενέες
403 1483 586 1566 Κύκλωπες
606 1482 821 1572 ἒκαρτάναντο
844 1491 996 1574 κεραινρῖ,

235 1587 356 1677 βροντῇ
376 1611 413 1654 τε
434 1587 581 1677 στεροπῇ
602 1608 649 1653 τε·
670 1586 713 1654 τά
734 1586 796 1674 γάρ
818 1586 881 1655 Διὶ
903 1588 1004 1668 κῦδος
1025 1583 1155 1669 ὀπάζει.

135 1695 191 1758 111σ
204 1693 293 1776 igitur
307 1692 453 1775 principio
469 1693 574 1756 rudem
590 1693 823 1774 indigestamque
838 1693 946 1757 molem
960 1694 1050 1757 fuisso
1062 1695 1141 1767 dicit,
1157 1713 1232 1776 queo
1247 1713 1302 1759 neo

136 1810 281 1864 terraneo
299 1816 374 1879 aque
394 1815 489 1878 neque
509 1814 672 1878 neruoque
692 1797 768 1878 ignis
787 1806 876 1872 esset,
892 1796 943 1859 sed
965 1798 1072 1861 horum
1093 1798 1227 1860 ornnimn
1243 1799 1304 1862 ete·

136 1911 234 1968 mente
254 1902 285 1964 in
305 1920 338 1963 se
356 1900 489 1973 heberet,
514 1901 609 1964 donec
626 1920 658 1963 eu
679 1901 786 1977 νεῖκος
807 1900 1032 1978 discriminavit,
1052 1903 1302 1984 quenmdmodum

136 1997 206 2091 ἔρις
220 2005 250 2068 in
265 2003 330 2067 Lini
344 2002 545 2085 cosmogonio,
561 2004 598 2067 de
608 2021 664 2084 qun
677 2003 775 2085 proulio
791 2005 979 2068 antedictum
995 2018 1049 2080 est,
1065 2007 1221 2088 ipsumque
1233 2006 1303 2069 illud

137 2110 244 2186 νεῖκος
256 2107 335 2190 opud
350 2106 569 2187 Empedoclem.
597 2106 747 2170 Prodiisse
761 2116 858 2171 nutem
871 2109 1011 2181 nmndos,
1027 2119 1169 2189 qnantum
1183 2109 1303 2192 epridem

138 2230 174 2275 ex
192 2210 340 2292 Apollonii
358 2209 493 2273 versibus
514 2209 620 2273 coniici
640 2219 752 2292 potest,
773 2211 830 2273 Ιιοο
850 2211 953 2273 ordine
973 2210 1099 2284 ridetur,
1120 2222 1154 2274 ut
1173 2211 1303 2292 primurn

139 2313 253 2378 coelum
269 2320 431 2393 emergeret
441 2330 510 2374 cum
525 2311 640 2393 igniims
652 2313 838 2388 coelestibus,
852 2312 1018 2377 subsideret
1029 2334 1120 2396 porro
1131 2334 1165 2377 ex
1178 2313 1305 2377 ituruore

140 2427 231 2492 term,
251 2425 407 2497 surgerent
421 2423 553 2491 montes,
568 2414 772 2497 colligerentur
785 2435 890 2500 agurio,
905 2417 1016 2500 ririepre
1032 2429 1061 2480 et
1076 2436 1158 2480 mmo
1172 2418 1304 2499 correpte·

139 2529 250 2585 rentur.
285 2517 376 2582 Primi
401 2528 499 2582 autom
523 2518 650 2581 recentis
674 2519 776 2584 mundi
801 2522 1002 2585 nrodorotores
1022 2521 1140 2603 Ophion
1161 2533 1190 2585 et
1209 2522 1304 2603 Eury·
1333 2581 1339 2592 ,

139 2643 230 2689 nome
250 2627 338 2700 dunt,
358 2634 499 2706 uterque,
519 2624 710 2696 uterinum,
731 2624 874 2705 originem
894 2646 910 2687 o
930 2626 1003 2688 meri
1025 2626 1180 2699 trabentes,
1200 2645 1305 2708 quern·

140 2747 229 2811 qunm
244 2728 413 2810 Eurynome
428 2736 541 2791 tuntum
556 2727 665 2790 diserto
680 2727 788 2791 Omani
803 2728 861 2791 tilio
880 2728 999 2805 dicitnr3
1020 2728 1236 2808 signiticdmtur
1250 2748 1304 2791 nu-

140 2842 201 2895 tem
213 2833 321 2896 trorum
333 2830 467 2913 imperio,
481 2850 573 2912 equas
584 2831 726 2894 latissimo
741 2830 811 2892 oiim
824 2830 989 2895 dominatos
1005 2818 1073 2892 ess'e
1089 2832 1306 2912 rororinmmque

141 2944 287 2999 terrarum
302 2945 415 3017 portem
430 2934 605 3017 opplerisse.
631 2935 695 2998 lios
710 2936 856 2998 Saturnus
871 2944 900 2995 et
914 2935 995 2997 iilren
1011 2935 1135 3016 imperio
1150 2935 1262 3015 pellunt
1277 2944 1307 2996 et

142 3037 173 3101 in
192 3056 287 3112 moro,
308 3036 387 3100 unde
402 3036 459 3099 orti
474 3045 566 3112 erunt,
580 3036 717 3101 recedere
730 3046 854 3117 cogunt:
877 3036 934 3118 ipsi
949 3036 1053 3100 deinde
1068 3058 1135 3100 cum
1151 3037 1307 3099 Titanibus

142 3140 255 3204 mundo
275 3147 430 3222 praesunt,
450 3139 545 3203 donec
563 3139 674 3222 iupiter
692 3138 816 3220 imperio
840 3139 951 3219 potitus
971 3148 1031 3215 est,
1056 3141 1306 3220 quernmlmodum
1335 3179 1336 3182 =

142 3243 230 3307 etiam
250 3243 280 3305 in
300 3242 410 3324 vuignri
430 3251 461 3306 et
478 3243 621 3306 iiesiodeo
641 3242 800 3324 theogonio
820 3243 881 3304 deri
901 3243 1044 3306 ridemus.
1075 3245 1134 3305 Sed
1154 3244 1309 3324 superiora

143 3346 197 3423 itta,
213 3347 249 3410 do
261 3345 470 3409 discriminatis
481 3365 536 3429 per
549 3347 768 3409 contentionem
781 3364 880 3409 rerum
891 3347 1042 3409 dementis
1054 3347 1148 3428 doque
1160 3347 1308 3428 Opirionis

142 3461 172 3512 et
182 3433 366 3530 Eurynomes
382 3447 505 3531 imperio
521 3468 537 3512 e
553 3449 633 3512 nulio
648 3449 705 3512 alio
721 3450 757 3512 ad
770 3449 921 3532 Orpheum
937 3452 1038 3516 reterri
1054 3452 1186 3527 memini,
1201 3473 1309 3535 quom·

142 3552 187 3615 ris
202 3551 265 3634 ipsu
280 3551 353 3615 hoec
370 3551 508 3626 nomino,
526 3560 560 3614 ut
574 3553 697 3616 deorum
712 3552 1000 3634 autiquissimorum‚
1021 3566 1088 3618 ante
1100 3557 1260 3619 Summum
1282 3568 1312 3621 et

144 3656 256 3721 Rheam
271 3654 488 3738 imperantium,
503 3654 590 3719 etium
605 3654 672 3719 aiibi
685 3673 900 3739 nonnunquam
915 3668 1192 3723 commemorentur
1203 3667 1211 3706 ¹
1222 3665 1264 3739 ⁹).

146 3950 292 4004 remeetur
304 3951 335 4004 rie
347 3950 441 4003 ceteris
451 3958 501 4001 tum
511 3949 664 4002 Graecorum
681 3965 753 4018 quem
771 3951 934 4004 burbororum
953 3955 1111 4023 opinionibus
1129 3956 1314 4021 cosmogonieis

147 4038 228 4090 refert
239 4055 263 4106 p.
273 4035 428 4088 oss-385.
449 4036 615 4104 Proposuinse
627 4044 710 4088 roten
723 4035 766 4088 11Ιε
780 4036 916 4089 Eudemum
930 4039 954 4090 in
968 4042 1189 4107 dstroiogumcnis
1201 4043 1316 4110 suspire-

147 4132 190 4176 tur
201 4121 383 4192 Wpttenbuetr.
401 4121 463 4174 iiiii.
480 4122 537 4174 erit
552 4121 607 4187 11,2
625 4138 648 4190 p.
658 4121 700 4172 ³9.
729 4121 805 4173 Pium
819 4123 850 4174 do
863 4123 974 4175 Eudemo
987 4126 1037 4177 rid.
1050 4142 1091 4194 up.
1103 4127 1213 4179 icosium
1225 4128 1314 4195 script.

147 4209 206 4261 ttst
219 4209 278 4278 phii.
292 4206 679 4271 1,15mt²rioet.somtsme
693 4206 770 4259 ethic.
784 4207 846 4260 Eud.
860 4209 939 4277 prsei.
952 4226 976 4278 p.
986 4209 1036 4262 XV
1049 4220 1076 4264 ot
1087 4211 1183 4264 ΧΧΙΙΙ.

217 4293 258 4357 to)
268 4291 351 4345 Nono.
362 4293 434 4346 Dion.
444 4290 861 4360 xit‚3t.xt.1,³52.smot.veo.
871 4295 902 4347 ed
913 4294 941 4347 11.
949 4294 1013 4364 Vidi,
1023 4298 1081 4349 did.
1091 4300 1177 4350 scoot.
1185 4300 1217 4350 ud
1224 4300 1315 4352 desei.

148 4378 233 4430 Pron.
243 4378 302 4431 955.
318 4380 350 4431 sd
363 4379 494 4448 Aristopb.
510 4377 576 4432 nuo.
588 4378 648 4431 tto.
672 4377 763 4432 Toeto.
779 4380 812 4432 ed
828 4379 954 4450 Lycopir.
974 4380 1049 4434 ttto.
1071 4382 1201 4453 Myttogr.
1213 4383 1285 4437 Rom.
1297 4386 1316 4450 1,
