2962 4808
682 343 887 442 ...4,-

204 545 280 590 num
298 545 387 590 suum
407 526 468 590 sive
487 526 641 592 Herculem
662 528 870 610 primigenium
892 519 1121 618 ἀρσενόθηλυν
1142 525 1370 620 ὑπεστήσαντο

204 623 292 714 πρὸς
313 619 454 707 ἔνδειξιν
474 625 533 715 τῆς
552 623 688 694 πάντων
702 627 889 718 γεννητικῆς
910 624 1035 711 οὐσίας,
1056 635 1093 698 od
1109 636 1189 718 quod
1203 636 1370 719 exemplum

84 775 87 778 -
203 732 294 795 etiam
314 732 469 814 Spurcius,
493 733 681 798 christianam
707 734 873 798 doctrinam
898 736 1083 800 ethnicorum
1103 738 1372 822 philosophemstis

205 833 379 897 mirabiliter
393 843 559 917 temperare
573 836 689 912 solitus,
704 836 797 900 Deum
814 837 943 901 invocat:

524 935 571 1002 Sl
593 935 704 1027 πατὴρ
726 937 767 1005 ori
789 933 821 1005 δ’
844 935 919 1005 ἐσσὶ
940 935 1055 1029 μήτηρ,

525 1039 566 1107 σύ
581 1035 613 1108 d’
638 1035 739 1132 ὄρῤην
761 1040 801 1111 ori
824 1039 861 1110 δὲ
882 1040 999 1131 θῆλυς.

207 1146 296 1228 plane
313 1155 348 1210 ut
361 1145 509 1228 Orphieus
528 1158 616 1230 poeta
634 1148 672 1212 de
686 1150 754 1214 lore
773 1150 843 1215 dicit
862 1159 933 1233 post
947 1150 1086 1215 Phanetis
1102 1150 1253 1233 cataposin
1268 1169 1298 1232 p.
1311 1150 1373 1214 457

209 1250 319 1327 llemn,
335 1270 361 1313 v.
381 1253 392 1312 4
403 1251 414 1312 4
425 1269 434 1314 t

327 1349 412 1431 Zade
433 1343 537 1442 ἔρσην
558 1348 673 1440 γένετο,
697 1351 781 1434 Ζεὺς
802 1345 968 1442 despector
990 1345 1113 1421 ἔπλετο
1133 1350 1253 1443 νύμφη.

209 1466 239 1521 et
254 1477 282 1541 p.
295 1459 357 1521 454
373 1476 400 1520 r.
416 1458 446 1534 5,

324 1549 456 1647 ἔφθιτο
476 1553 708 1648 μητροπάτωρ,
732 1548 771 1626 οὗ
792 1558 893 1647 θυμῷ
916 1556 1027 1626 πάντα
1050 1560 1194 1627 δονεῖται
1209 1568 1217 1607 ¹
1232 1567 1270 1640 ¹).

298 1663 385 1744 hpud
400 1663 563 1727 Hesiodum
579 1676 691 1741 sutem,
707 1667 757 1748 qui
773 1666 902 1747 primum
918 1667 1029 1742 Chaos,
1048 1677 1151 1750 postea
1165 1667 1288 1729 Terram
1303 1663 1378 1727 exti-

216 1768 288 1830 tisse
303 1766 388 1840 dicit,
408 1784 470 1830 non
485 1767 576 1849 liquet
590 1779 730 1833 utrumne
745 1770 818 1834 haec
832 1791 866 1833 ex
883 1772 930 1834 illo
946 1782 1011 1834 orta
1026 1771 1078 1847 sit,
1094 1791 1131 1835 an
1147 1771 1278 1845 aliunde,
1293 1779 1336 1842 et,
1353 1769 1379 1831 si

216 1892 252 1934 ex
267 1872 362 1945 Chao,
380 1870 410 1933 id
429 1871 509 1953 quod
525 1891 598 1935 sane
612 1873 740 1936 soluisse
759 1873 846 1937 istius
861 1875 1071 1956 cosrnogoniao
1096 1874 1262 1937 inventores
1278 1873 1379 1935 viden·

217 1985 265 2038 tur
275 1981 283 2020 ¹
295 1977 336 2051 ²),
351 1993 426 2056 quae
441 1993 529 2038 causa
544 1996 578 2038 ex
591 1978 670 2039 Chao
682 1977 803 2040 Terram
820 1978 940 2060 prodire
956 1978 1064 2040 lecerit.
1091 1979 1277 2058 Quamquam
1293 1975 1380 2038 duhi·

218 2077 271 2140 tari
286 2077 332 2138 rix
347 2085 455 2158 potest,
470 2075 543 2158 quio
558 2077 597 2140 illi
612 2079 708 2141 Chaos
723 2098 811 2142 suum
827 2080 1035 2161 primigenium
1050 2098 1112 2143 non
1128 2079 1207 2142 iners
1222 2088 1310 2161 atque
1324 2077 1380 2140 im·

218 2190 343 2254 motum,
358 2180 411 2242 sed
426 2178 512 2241 insita
527 2198 581 2242 sua
596 2180 624 2242 ri
639 2190 669 2243 et
681 2190 785 2245 natura
801 2182 939 2262 agitatum
954 2192 984 2245 et
995 2183 1078 2264 qnasi
1093 2183 1255 2245 animatum
1270 2181 1382 2261 cogita·

218 2285 325 2358 verint,
339 2283 416 2346 siout
430 2281 518 2345 etiam
533 2283 563 2345 in
579 2283 762 2348 Phoenicum
777 2286 969 2368 cosmogonia
985 2286 1075 2349 chaos
1092 2286 1182 2348 luisse
1197 2285 1303 2347 dicitur
1318 2273 1383 2369 α’ἠρ

218 2377 458 2471 πνεομοτώδης
469 2393 476 2431 ¹
489 2388 534 2463 3);
549 2398 636 2469 atque
652 2389 695 2453 sic
705 2409 740 2452 ex
756 2390 829 2453 chao
846 2391 976 2472 primum
992 2399 1111 2463 terram,
1126 2390 1156 2452 h.
1168 2409 1194 2451 o.
1211 2388 1383 2450 solidiorem

182 2504 200 2557 t
219 2487 380 2563 materiam,
395 2488 553 2564 desedisse,
569 2509 698 2572 moxque
712 2492 770 2553 rim
786 2492 864 2556 illam
879 2494 1034 2556 motrieem
1050 2504 1079 2557 et
1091 2491 1269 2573 agitatricem
1282 2490 1383 2573 plures

216 2591 356 2674 deinceps
376 2611 426 2655 res
441 2611 533 2675 ‹puurn
548 2613 583 2656 ex
599 2603 676 2657 terra
691 2602 755 2657 rsrrn
770 2614 805 2657 es
820 2594 908 2671 chao,
929 2596 1008 2677 quod
1024 2595 1147 2657 dimissa
1163 2614 1280 2656 essese
1306 2602 1384 2655 terra

218 2714 404 2779 nequaquam
419 2704 518 2760 umen
533 2716 691 2779 superesse
705 2697 811 2761 desiit¹
824 2700 864 2777 ⁴),
880 2700 964 2781 quasi
976 2699 1125 2763 elicuisse:
1140 2699 1218 2761 hano
1231 2697 1311 2761 enim
1327 2696 1385 2774 rim

289 2954 330 3018 44)
343 2952 381 3006 ct.
393 2953 503 3006 hohecl.
515 2954 640 3023 Aglaoph.
658 2972 682 3023 p.
695 2955 746 3007 456
759 2964 811 3009 not.
824 2973 847 3008 o.
860 2984 895 2995 -
907 2952 1123 3028 Mprporrriropn
1141 2957 1256 3019 luerunt,
1274 2954 1316 3022 qui
1332 2968 1385 3020 pn·

220 3047 298 3094 tren
315 3040 425 3092 matris
437 3040 460 3092 h.
470 3057 493 3093 e.
511 3049 652 3094 erectorem
669 3043 790 3094 materiae
808 3044 1037 3112 interpretarentur
1050 3043 1180 3109 (hloshem.
1193 3042 1224 3091 ad
1237 3039 1384 3091 Cudworth.

221 3136 279 3181 ton.
289 3127 310 3180 ll
323 3144 347 3197 p.
357 3128 436 3201 dliii),
448 3143 581 3196 perpemm
593 3130 658 3181 haud
673 3131 754 3198 dubie,
767 3132 878 3198 quemvis
892 3132 916 3183 io
929 3132 1027 3199 vulgari
1041 3145 1156 3183 sermone
1166 3127 1313 3179 vocabulum
1326 3126 1387 3176 illud

221 3215 307 3267 utris
325 3222 421 3284 petrem
439 3215 574 3281 signifieat.
600 3216 650 3267 Sed
673 3217 812 3286 philosophi
830 3218 1003 3285 matriputrem
1024 3216 1145 3268 dixerunt
1160 3229 1230 3278 enm,
1247 3213 1287 3281 qni
1307 3220 1389 3264 meter

222 3301 294 3355 simol
304 3309 332 3354 et
344 3310 417 3369 peter
429 3309 513 3365 esset,
531 3301 662 3355 femineam
678 3319 733 3355 enm
746 3305 855 3355 mumulo
869 3313 960 3356 notum
972 3304 1131 3357 eoninnetmn
1143 3300 1246 3351 habeor.
1270 3297 1388 3350 Creatsm

223 3390 295 3442 adeo
304 3389 434 3441 materiem
446 3404 460 3439 e
470 3389 600 3440 scleribus
610 3405 682 3441 nemo
695 3391 817 3442 statuisse
829 3391 939 3456 videtur,
953 3406 984 3442 ne
996 3390 1068 3442 Pluto
1081 3388 1188 3462 quidem,
1201 3385 1240 3437 eni
1253 3385 1317 3436 hane
1329 3400 1388 3435 sen·

223 3475 514 3529 tentiemstsllhsuurios
525 3476 653 3527 vindicare
663 3484 829 3544 conatuum,
844 3479 917 3546 proll.
926 3480 957 3530 ml
968 3476 1005 3529 ΡΙ.
1018 3475 1114 3528 Timeo.
1127 3472 1200 3541 pli.
1219 3470 1290 3523 Corsi.
1300 3469 1389 3522 lustin.

223 3568 296 3615 nrt.
308 3563 405 3614 eohort.
419 3579 440 3614 c.
454 3561 487 3614 20
500 3578 524 3630 p.
534 3562 567 3612 oo
580 3562 633 3615 ote
647 3570 674 3615 et
686 3562 803 3617 Ploooer.
816 3565 893 3617 theol.
906 3572 974 3629 gent.
988 3580 1012 3631 p.
1024 3562 1081 3615 454.

293 3647 334 3714 42)
344 3647 381 3700 lte
394 3648 484 3700 statuit
496 3648 570 3699 etism
583 3646 701 3700 hisoilins
712 3650 817 3701 Astron.
831 3649 858 3718 ll,
874 3650 912 3701 42.

394 3733 548 3785 lleriodns
560 3742 712 3786 memoret
724 3735 815 3787 divos
828 3736 992 3803 dirumque
1006 3742 1171 3803 parentes,

393 3821 799 3873 etChaoseolxumterres.
1300 3870 1303 3877 ,

227 3903 264 3957 lte
274 3905 329 3973 ipso
340 3906 415 3971 chao,
427 3907 491 3956 unde
504 3906 633 3971 extiterit,
651 3915 711 3959 noto
723 3914 764 3958 est
776 3906 878 3975 Epicuri
892 3907 963 3974 pueri
976 3905 1104 3976 quaestio,
1115 3920 1155 3971 ap.
1169 3901 1237 3953 Sext
1249 3900 1320 3967 lirnp.
1334 3899 1391 3951 eds.

226 3989 305 4042 hest.
319 3987 357 4057 Χ,
372 3991 415 4055 ld,
431 3992 462 4042 ed
479 4006 552 4058 quom
565 3993 626 4043 nihil
638 4007 652 4043 e
664 3993 827 4056 remundes
840 3995 962 4059 magistro
975 3992 1089 4060 responsi
1103 3991 1170 4043 tolie
1191 3987 1283 4048 Nobis,
1301 3985 1322 4036 si
1336 3985 1392 4054 qnis

227 4075 252 4126 in
265 4075 310 4126 illo
321 4076 417 4143 pleuto
433 4090 472 4143 ep.
485 4077 618 4130 llesiodurn
630 4081 741 4144 merens,
758 4078 921 4149 respondebit
935 4079 1083 4130 Eustathius
1101 4077 1131 4128 sd
1150 4074 1177 4126 ll.
1190 4073 1210 4125 ll
1227 4090 1249 4141 p.
1260 4072 1327 4137 245,
1346 4069 1392 4122 222

228 4158 336 4228 terem
349 4155 405 4229 peip
417 4156 494 4232 παρὰ
506 4164 562 4215 τῶν
574 4165 710 4232 παλαιῶν,
724 4159 766 4217 ὅτι
780 4166 809 4216 ol
824 4159 918 4222 'loves
930 4160 961 4215 τὸ
975 4160 1043 4217 stem
1057 4163 1224 4231 γενέσθαι
1236 4159 1335 4230 φασίν.

300 4243 340 4308 ld)
353 4244 445 4298 Βοιώ.
458 4247 475 4297 l.
488 4246 505 4298 Ι.
518 4245 551 4299 ei.
564 4247 727 4303 tresorum
740 4250 882 4303 Cudworth.
895 4267 919 4319 p.
930 4250 972 4316 24,
985 4256 1037 4300 oot.
1051 4249 1076 4300 i.

300 4329 340 4396 44)
352 4328 480 4384 Prodeant
490 4348 523 4385 es
535 4335 597 4386 chao
605 4344 663 4404 post
675 4344 770 4390 terrem
779 4339 854 4391 etim
863 4336 956 4407 orchus
965 4344 993 4388 et
1005 4351 1064 4403 nox,
1076 4336 1108 4389 de
1117 4333 1207 4403 quihus
1217 4349 1276 4386 mox
1286 4331 1394 4396 dicetne,
