2962 4808
705 445 769 510 252

638 531 840 547 m

157 640 257 705 siodeu
273 636 383 711 tabula,
405 636 489 700 cuius
504 633 703 716 antiquiorem
719 643 870 699 auctorem
885 653 920 698 ex
936 633 972 698 lis
989 636 1123 718 quidem,
1145 637 1195 720 qui
1211 654 1319 720 super·

121 756 137 807 s
158 751 241 814 sunt,
261 739 374 802 nullum
390 737 543 800 habemus.
573 736 646 798 Nam
662 734 810 798 llomems
830 753 893 798 uon
913 736 1004 799 modo
1024 737 1096 802 nihil
1115 739 1212 802 simile
1225 739 1323 814 tradit,

157 843 209 905 sed
230 840 374 921 quaedam
389 839 476 901 etiam
497 847 655 911 memorat,
676 856 750 918 quae
770 835 917 900 conciliari
933 857 1000 900 cum
1017 839 1063 902 illa
1078 841 1244 904 narratione
1258 859 1322 904 non

157 943 286 1026 possint.
320 941 452 1004 Primum
474 940 590 1002 l'estam
618 957 672 1001 nee
697 937 832 1001 nominat
855 955 982 1018 usquam
1008 959 1064 1004 nec
1084 961 1175 1006 nosse
1194 941 1321 1004 ridetur:

157 1047 294 1109 Cererem
309 1043 443 1106 nominat
457 1042 574 1123 quidem
591 1041 759 1122 aliquoties,
774 1039 825 1102 sed
838 1058 914 1121 quos
929 1060 964 1102 ea
978 1052 1116 1122 parentes
1133 1043 1247 1117 habeat,
1261 1062 1325 1107 non

159 1147 315 1230 significat.
343 1145 458 1220 Quodsi
478 1143 553 1206 lmnc
573 1143 612 1205 illi
632 1161 751 1224 quoque
767 1140 885 1204 Saturni
905 1152 934 1204 et
948 1143 1047 1206 llheae
1063 1144 1152 1207 liliam
1167 1145 1258 1208 misse
1271 1165 1325 1209 su·

160 1250 285 1324 mimus,
304 1267 367 1312 nou
387 1256 488 1309 tamon
506 1256 573 1309 ante
588 1246 745 1319 lunonem,
765 1252 797 1307 ut
815 1245 893 1326 apud
909 1244 1087 1321 Hesiodum,
1107 1247 1158 1310 sed
1173 1256 1244 1329 post
1257 1268 1324 1312 eam

160 1363 229 1418 nata
249 1352 341 1416 rideri
361 1358 473 1434 potest,
491 1348 730 1431 quandoquidem
749 1348 826 1411 hauc
845 1347 950 1412 attosti
971 1348 1144 1429 gloriantem
1160 1351 1239 1427 lecit,
1259 1371 1326 1414 sese

162 1448 394 1539 πρεσβιτάτην
412 1472 429 1515 a
446 1453 574 1515 Saturno
594 1451 721 1532 genitam
740 1455 857 1528 esse³).
893 1454 1078 1534 Quamquam
1101 1454 1250 1518 latendum
1270 1466 1326 1529 est,

161 1558 250 1622 huius
262 1555 396 1618 vocabuli
411 1553 651 1635 siguidmtiouem
663 1554 829 1634 aurbigmm
840 1573 916 1617 esse.
943 1555 1041 1618 iorem
1054 1575 1122 1621 sero
1134 1556 1328 1621 disertissime

162 1680 225 1725 uon
246 1659 402 1722 minimum
419 1658 455 1720 de
471 1657 624 1730 iratribus,
643 1656 695 1719 sed
711 1656 871 1719 maximum
887 1666 958 1721 natu
972 1677 1039 1721 esse
1053 1663 1222 1740 testatori),
1238 1680 1328 1743 pror·

163 1783 218 1828 sus
238 1771 340 1825 contra
357 1759 516 1823 ilesiodeee
536 1759 647 1822 salsulae
666 1759 820 1822 rationem.
850 1760 926 1823 Nem
946 1760 1034 1823 lruius
1053 1762 1171 1844 quidem
1191 1765 1281 1827 cerdo
1297 1766 1328 1829 iu

165 1887 202 1929 eo
217 1865 348 1936 sortitur,
363 1873 405 1937 ιιι,
420 1862 550 1942 quanmis
566 1864 709 1925 Saturnus
724 1864 813 1925 latum
828 1863 945 1925 eludere
960 1872 1084 1928 conatus
1099 1865 1139 1928 sit
1153 1866 1251 1930 liberis
1265 1867 1328 1931 suis

166 1965 352 2039 dos-orandis,
366 1966 472 2027 existat
485 1974 582 2027 tanuen
598 1965 683 2039 filius,
698 1964 749 2045 qui
764 1975 902 2028 conatum
918 1965 981 2028 elus
996 1966 1111 2030 irritum
1124 1969 1209 2033 indat
1220 1970 1329 2033 latum·

166 2090 224 2153 que
243 2076 426 2149 exsequatur.
458 2067 542 2129 ilunc
560 2066 648 2147 igitur
667 2085 729 2130 non
748 2077 815 2130 ante
829 2079 944 2130 ceteros
959 2087 976 2130 a
991 2079 1074 2149 patre
1089 2071 1261 2148 devoratos,
1276 2073 1330 2136 sed

167 2183 272 2255 postea
290 2171 409 2232 ‹lenmm
424 2169 505 2231 nosci
525 2169 727 2243 conueniebat,
746 2188 837 2251 quum
858 2179 965 2246 mater,
984 2170 1100 2234 illorum
1120 2173 1240 2238 interitu
1259 2193 1330 2257 per·

167 2284 264 2348 moto,
280 2273 417 2336 maritum
434 2270 530 2334 fallere
544 2269 755 2334 constituisset.
781 2271 879 2353 ltaque
893 2272 1075 2354 posteriores
1090 2276 1266 2358 scriptores,
1281 2277 1332 2359 qui

168 2379 199 2441 in
225 2376 338 2457 reliqua
359 2374 454 2437 [dorda
470 2374 631 2437 llosiodum
650 2383 828 2455 sequuntur,
852 2372 938 2437 etiam
958 2375 1095 2440 ordinem
1115 2377 1276 2443 liberorum
1295 2381 1332 2444 als

167 2502 204 2544 eo
226 2479 365 2542 traditum
386 2480 548 2555 serumst).
578 2476 760 2541 dissentiunt
778 2486 877 2542 autem
897 2479 1032 2542 nonnrdli
1051 2479 1082 2544 in
1101 2483 1192 2546 rebus
1207 2482 1333 2548 minoris

168 2581 322 2647 momenti.
354 2581 430 2643 Sunt
446 2581 540 2654 enlm,
558 2580 608 2662 qui
628 2581 719 2643 latum
733 2582 863 2643 Saturno
879 2579 1056 2664 impendens
1072 2603 1133 2648 non
1149 2584 1186 2649 ab
1201 2585 1264 2648 eius
1279 2607 1334 2668 pa·

169 2684 318 2758 rentibus,
338 2683 425 2746 sado
440 2695 470 2745 ot
482 2683 587 2757 Terra,
607 2683 658 2745 sed
674 2703 690 2744 a
705 2683 848 2746 Themide
862 2691 913 2746 aut
926 2702 943 2745 a
958 2685 1136 2751 Prometheo
1152 2688 1334 2770 praedictum

169 2787 304 2865 reliut't).
333 2786 388 2849 dlii
405 2804 466 2848 nou
481 2786 634 2867 utriusque
648 2804 737 2848 sexus
751 2786 862 2850 liberos
877 2804 893 2848 s
909 2784 1037 2849 Saturno
1052 2787 1208 2853 devoratos
1223 2800 1336 2854 statue-

132 2894 150 2945 ι
170 2899 254 2966 runt,
272 2889 324 2952 sed
344 2888 491 2952 urasculos
512 2898 639 2964 tantum3
659 2888 769 2951 scilieet
787 2888 868 2970 quod
888 2908 905 2952 a
925 2888 1039 2953 sdislsus
1059 2890 1106 2954 ille
1126 2892 1198 2956 nihil
1213 2893 1335 2975 periodi

171 2994 296 3057 timeret
329 2991 360 3054 ld
380 2991 570 3072 cognoscitur
588 3010 605 3053 e
625 2990 808 3071 grammatici
828 2991 982 3056 ettiusdarn
1002 2993 1191 3075 nunonem:
1224 2996 1337 3061 utrem

243 3239 267 3300 5)
286 3236 315 3289 ll.
326 3235 370 3298 lv,
382 3236 428 3298 66,
449 3236 480 3287 do
499 3252 547 3304 quo
565 3237 621 3287 loro
639 3235 704 3289 rosi.
722 3254 787 3306 quse
803 3240 871 3293 diets
883 3249 944 3295 suut
959 3242 984 3295 lu
1001 3249 1137 3312 eonpsrst.
1151 3241 1233 3305 theos.
1243 3238 1303 3292 lles.
1316 3255 1339 3292 e.

174 3323 246 3375 lloss.
258 3338 315 3373 uua.
330 3321 392 3372 1611
406 3321 482 3384 editu,
494 3338 517 3388 p.
529 3321 625 3385 2thl'l).

243 3408 269 3471 o)
288 3404 538 3473 lensensem,
553 3406 609 3458 roo.
625 3407 681 3460 rer.
695 3410 720 3462 e.

243 3493 268 3555 i)
287 3492 356 3545 Usus
370 3491 496 3560 Hyginus,
513 3491 591 3559 praei.
604 3492 654 3559 ps
671 3493 788 3562 Mueck,
807 3499 922 3567 mudum,
940 3518 1003 3570 quos
1025 3501 1161 3568 Hesiodus,
1180 3501 1276 3554 liberos
1293 3500 1341 3551 Ss-

178 3579 244 3630 turui
256 3585 283 3628 et
296 3577 379 3628 dieue
398 3580 432 3638 (s.
441 3577 516 3643 Opis)
529 3591 693 3642 enumerem,
705 3578 790 3633 loven
803 3581 925 3637 iratribus
936 3587 1090 3656 anteposuit.
1114 3587 1164 3639 Sed
1178 3587 1202 3638 id
1214 3602 1275 3637 essu
1287 3600 1340 3636 usu·

177 3665 216 3730 gis
228 3679 299 3731 quere
311 3661 416 3713 consilio
429 3661 521 3713 laetum
532 3669 587 3726 est;
603 3670 631 3714 et
641 3664 692 3715 elio
706 3664 775 3732 loeo,
788 3666 838 3719 isli.
853 3669 916 3735 136,
928 3672 1042 3723 ordinem
1052 3671 1085 3723 ab
1097 3671 1207 3725 llesiodo
1219 3670 1339 3722 ustiu-

178 3756 274 3801 sersut.

246 3833 272 3895 6)
291 3832 328 3883 lle
340 3830 459 3884 Tlremide
472 3834 546 3885 testis
558 3842 599 3885 ost
611 3834 716 3888 Servius
727 3837 759 3889 ad
771 3836 850 3905 νοις.
863 3840 928 3892 deu.
942 3840 985 3910 111,
1000 3842 1063 3905 1043
1075 3842 1107 3894 sle
1120 3841 1270 3895 undenso
1282 3839 1341 3892 Cle·

179 3935 250 3971 nens
262 3917 331 3970 llosr.
345 3918 433 3970 ilomil.
446 3917 488 3983 l'l,
501 3918 516 3969 2
529 3936 552 3987 p.
564 3921 614 3972 661
626 3920 719 3988 Cotel,
731 3923 779 3974 ism
791 3938 807 3975 u
820 3922 976 3992 Goettiinqio
989 3936 1017 3979 et
1027 3927 1155 3992 lasuepio
1167 3927 1269 3979 ciuem
1291 3926 1342 3978 Sed

181 4004 323 4058 Promethei
336 4019 423 4055 nomeu
436 4005 618 4058 restituendum
629 4007 705 4061 etism
717 4009 901 4080 llytloqruplo
913 4011 985 4065 lion.
997 4011 1034 4081 11,
1048 4012 1089 4079 16,
1100 4013 1143 4065 ulei
1156 4010 1266 4064 Protei
1278 4011 1343 4063 scri·

181 4099 250 4161 ptuss
261 4097 311 4154 est,
323 4090 429 4156 itemquo
441 4089 571 4143 lartsutio
584 4091 651 4145 Plse.
664 4095 696 4146 sd
708 4095 775 4148 Stat.
786 4095 866 4149 Tuos.
877 4096 921 4164 lV,
930 4098 991 4163 tes,
1003 4097 1045 4151 ost
1058 4099 1083 4151 lu
1092 4098 1173 4151 codie-
1185 4097 1345 4151 Protheus

181 4183 262 4228 extat.
273 4200 306 4212 -
318 4172 355 4224 lte
367 4173 584 4243 similitudmem,
601 4175 669 4244 lovi,
685 4197 759 4249 quun
770 4180 865 4235 Thetis
877 4184 1001 4236 dueturus
1012 4190 1097 4250 esset,
1108 4191 1180 4237 astu
1191 4181 1342 4236 Prouethes

180 4269 226 4315 sut
236 4276 253 4313 u
263 4258 381 4311 Theseide
393 4259 462 4310 edito
474 4268 532 4312 sets
544 4270 585 4314 est
597 4262 681 4316 labsis
693 4280 727 4317 es
739 4265 859 4334 Piston,
871 4267 956 4321 lstbn.
969 4267 1016 4322 vn
1028 4267 1130 4335 (vlu),
1142 4268 1175 4321 21
1188 4268 1251 4335 (661.
1262 4269 1343 4340 Apul·

182 4347 233 4399 ted.
245 4342 289 4408 111,
302 4341 341 4406 1³,
354 4342 378 4405 6,
393 4343 535 4410 2sliisqse.

250 4429 277 4494 6)
295 4426 380 4479 sust.
392 4425 456 4479 Ves.
468 4429 500 4480 sd
511 4426 541 4481 lt
553 4428 649 4497 XXlV,
661 4434 721 4486 tls.
