<?xml version="1.0" encoding="UTF-8"?>
<!DOCTYPE html PUBLIC "-//W3C//DTD XHTML 1.0 Transitional//EN"
    "http://www.w3.org/TR/xhtml1/DTD/xhtml1-transitional.dtd">
<html xmlns="http://www.w3.org/1999/xhtml" xml:lang="en" lang="en">
 <head>
  <title>
</title>
<meta http-equiv="Content-Type" content="text/html;charset=utf-8" />
  <meta name='ocr-system' content='tesseract 3.04.00' />
  <meta name='ocr-capabilities' content='ocr_page ocr_carea ocr_par ocr_line ocrx_word'/>
</head>
<body>
  <div class='ocr_page' id='page_1' title='image "./opusculaacademi03schgoog_0063.png"; bbox 0 0 2962 4808; ppageno 0'>
   <div class='ocr_carea' id='block_1_1' title="bbox 24 778 1266 4367">
    <p class='ocr_par' dir='ltr' id='par_1_1' title="bbox 24 778 1266 4367">
     <span class='ocr_line' id='line_1_1' title="bbox 84 778 1251 865; baseline 0.007 -28"><span class='ocrx_word' id='word_1_1' title='bbox 84 797 151 841; x_wconf 89' lang='lat' dir='ltr'><strong>rera</strong></span> <span class='ocrx_word' id='word_1_2' title='bbox 165 778 217 853; x_wconf 92' lang='lat' dir='ltr'><strong>sit,</strong></span> <span class='ocrx_word' id='word_1_3' title='bbox 237 778 398 862; x_wconf 80' lang='lat' dir='ltr'><strong>videorque</strong></span> <span class='ocrx_word' id='word_1_4' title='bbox 416 781 489 843; x_wconf 81' lang='lat' dir='ltr'><strong>milri</strong></span> <span class='ocrx_word' id='word_1_5' title='bbox 509 800 669 865; x_wconf 75' lang='lat' dir='ltr'>agnoscere</span> <span class='ocrx_word' id='word_1_6' title='bbox 690 783 764 845; x_wconf 90' lang='lat' dir='ltr'><strong>duas</strong></span> <span class='ocrx_word' id='word_1_7' title='bbox 785 782 1005 845; x_wconf 77' lang='lat' dir='ltr'><strong>reconderem</strong></span> <span class='ocrx_word' id='word_1_8' title='bbox 1022 783 1184 846; x_wconf 83' lang='lat' dir='ltr'><strong>tabularum</strong></span> <span class='ocrx_word' id='word_1_9' title='bbox 1200 801 1251 845; x_wconf 89' lang='lat' dir='ltr'><strong>ra·</strong></span> 
     </span>
     <span class='ocr_line' id='line_1_2' title="bbox 84 881 1250 968; baseline 0.003 -24"><span class='ocrx_word' id='word_1_10' title='bbox 84 881 179 946; x_wconf 91' lang='lat' dir='ltr'><strong>tiones</strong></span> <span class='ocrx_word' id='word_1_11' title='bbox 195 882 282 965; x_wconf 89' lang='lat' dir='ltr'><strong>plane</strong></span> <span class='ocrx_word' id='word_1_12' title='bbox 297 883 373 947; x_wconf 92' lang='lat' dir='ltr'><strong>inter</strong></span> <span class='ocrx_word' id='word_1_13' title='bbox 387 904 419 946; x_wconf 90' lang='lat' dir='ltr'><strong>se</strong></span> <span class='ocrx_word' id='word_1_14' title='bbox 430 885 569 949; x_wconf 84' lang='lat' dir='ltr'><strong>diversas.</strong></span> <span class='ocrx_word' id='word_1_15' title='bbox 595 886 707 968; x_wconf 82' lang='lat' dir='ltr'><strong>Nempe</strong></span> <span class='ocrx_word' id='word_1_16' title='bbox 717 887 841 948; x_wconf 90' lang='lat' dir='ltr'><strong>deorum</strong></span> <span class='ocrx_word' id='word_1_17' title='bbox 857 885 944 965; x_wconf 78' lang='lat' dir='ltr'><strong>regis,</strong></span> <span class='ocrx_word' id='word_1_18' title='bbox 959 885 1022 948; x_wconf 91' lang='lat' dir='ltr'><strong>eius</strong></span> <span class='ocrx_word' id='word_1_19' title='bbox 1037 905 1127 968; x_wconf 80' lang='lat' dir='ltr'><strong>quern</strong></span> <span class='ocrx_word' id='word_1_20' title='bbox 1144 905 1250 949; x_wconf 88' lang='lat' dir='ltr'><strong>omnes</strong></span> 
     </span>
     <span class='ocr_line' id='line_1_3' title="bbox 85 983 1249 1073; baseline 0.004 -26"><span class='ocrx_word' id='word_1_21' title='bbox 85 986 186 1049; x_wconf 87' lang='lat' dir='ltr'><strong>Graeci</strong></span> <span class='ocrx_word' id='word_1_22' title='bbox 201 987 353 1051; x_wconf 81' lang='lat' dir='ltr'><strong>raramuni</strong></span> <span class='ocrx_word' id='word_1_23' title='bbox 373 990 493 1052; x_wconf 89' lang='lat' dir='ltr'><strong>nomine</strong></span> <span class='ocrx_word' id='word_1_24' title='bbox 508 983 594 1068; x_wconf 72' lang='lat' dir='ltr'><strong>Ata,</strong></span> <span class='ocrx_word' id='word_1_25' title='bbox 615 992 643 1053; x_wconf 89' lang='lat' dir='ltr'><strong>b.</strong></span> <span class='ocrx_word' id='word_1_26' title='bbox 656 1012 681 1054; x_wconf 92' lang='lat' dir='ltr'><strong>e.</strong></span> <span class='ocrx_word' id='word_1_27' title='bbox 702 990 775 1052; x_wconf 88' lang='lat' dir='ltr'><strong>nibil</strong></span> <span class='ocrx_word' id='word_1_28' title='bbox 795 989 871 1052; x_wconf 91' lang='lat' dir='ltr'><strong>aliud</strong></span> <span class='ocrx_word' id='word_1_29' title='bbox 892 1009 981 1070; x_wconf 85' lang='lat' dir='ltr'><strong>quam</strong></span> <span class='ocrx_word' id='word_1_30' title='bbox 997 989 1103 1052; x_wconf 85' lang='lat' dir='ltr'><strong>lleum</strong></span> <span class='ocrx_word' id='word_1_31' title='bbox 1119 990 1249 1073; x_wconf 86' lang='lat' dir='ltr'><strong>appella·</strong></span> 
     </span>
     <span class='ocr_line' id='line_1_4' title="bbox 85 1090 1250 1175; baseline 0.003 -22"><span class='ocrx_word' id='word_1_32' title='bbox 85 1090 168 1165; x_wconf 86' lang='lat' dir='ltr'><strong>bant,</strong></span> <span class='ocrx_word' id='word_1_33' title='bbox 188 1091 261 1155; x_wconf 91' lang='lat' dir='ltr'><strong>aliae</strong></span> <span class='ocrx_word' id='word_1_34' title='bbox 277 1092 348 1155; x_wconf 88' lang='lat' dir='ltr'><strong>olim</strong></span> <span class='ocrx_word' id='word_1_35' title='bbox 364 1093 430 1156; x_wconf 94' lang='lat' dir='ltr'><strong>alibi</strong></span> <span class='ocrx_word' id='word_1_36' title='bbox 450 1113 556 1157; x_wconf 82' lang='lat' dir='ltr'><strong>uxores</strong></span> <span class='ocrx_word' id='word_1_37' title='bbox 575 1094 770 1169; x_wconf 84' lang='lat' dir='ltr'><strong>habebantur,</strong></span> <span class='ocrx_word' id='word_1_38' title='bbox 790 1104 822 1156; x_wconf 92' lang='lat' dir='ltr'><strong>ut</strong></span> <span class='ocrx_word' id='word_1_39' title='bbox 841 1112 973 1175; x_wconf 75' lang='lat' dir='ltr'><strong>‹puaeque</strong></span> <span class='ocrx_word' id='word_1_40' title='bbox 993 1094 1049 1156; x_wconf 84' lang='lat' dir='ltr'><strong>dea</strong></span> <span class='ocrx_word' id='word_1_41' title='bbox 1069 1093 1098 1155; x_wconf 92' lang='lat' dir='ltr'><strong>in</strong></span> <span class='ocrx_word' id='word_1_42' title='bbox 1119 1092 1250 1156; x_wconf 84' lang='lat' dir='ltr'><strong>maximo</strong></span> 
     </span>
     <span class='ocr_line' id='line_1_5' title="bbox 85 1195 1250 1280; baseline 0.004 -24"><span class='ocrx_word' id='word_1_43' title='bbox 85 1195 163 1276; x_wconf 93' lang='lat' dir='ltr'><strong>apud</strong></span> <span class='ocrx_word' id='word_1_44' title='bbox 179 1214 326 1278; x_wconf 82' lang='lat' dir='ltr'><strong>quemque</strong></span> <span class='ocrx_word' id='word_1_45' title='bbox 341 1197 483 1280; x_wconf 91' lang='lat' dir='ltr'><strong>populum</strong></span> <span class='ocrx_word' id='word_1_46' title='bbox 501 1199 613 1262; x_wconf 91' lang='lat' dir='ltr'><strong>bonore</strong></span> <span class='ocrx_word' id='word_1_47' title='bbox 627 1208 690 1262; x_wconf 88' lang='lat' dir='ltr'><strong>erat</strong></span> <span class='ocrx_word' id='word_1_48' title='bbox 699 1198 835 1279; x_wconf 81' lang='lat' dir='ltr'><strong>lorisque</strong></span> <span class='ocrx_word' id='word_1_49' title='bbox 847 1195 999 1261; x_wconf 89' lang='lat' dir='ltr'><strong>consortio</strong></span> <span class='ocrx_word' id='word_1_50' title='bbox 1011 1197 1097 1280; x_wconf 81' lang='lat' dir='ltr'><strong>digna</strong></span> <span class='ocrx_word' id='word_1_51' title='bbox 1110 1199 1250 1261; x_wconf 88' lang='lat' dir='ltr'><strong>aestima·</strong></span> 
     </span>
     <span class='ocr_line' id='line_1_6' title="bbox 86 1296 1251 1385; baseline 0.005 -26"><span class='ocrx_word' id='word_1_52' title='bbox 86 1296 180 1360; x_wconf 89' lang='lat' dir='ltr'><strong>batur.</strong></span> <span class='ocrx_word' id='word_1_53' title='bbox 215 1298 297 1361; x_wconf 89' lang='lat' dir='ltr'><strong>llanc</strong></span> <span class='ocrx_word' id='word_1_54' title='bbox 321 1299 495 1381; x_wconf 83' lang='lat' dir='ltr'>opinionum</span> <span class='ocrx_word' id='word_1_55' title='bbox 521 1301 686 1366; x_wconf 76' lang='lat' dir='ltr'><strong>varietatem</strong></span> <span class='ocrx_word' id='word_1_56' title='bbox 711 1311 906 1385; x_wconf 85' lang='lat' dir='ltr'><strong>strscrprrunt</strong></span> <span class='ocrx_word' id='word_1_57' title='bbox 930 1301 1036 1363; x_wconf 91' lang='lat' dir='ltr'><strong>deinde</strong></span> <span class='ocrx_word' id='word_1_58' title='bbox 1056 1311 1174 1382; x_wconf 90' lang='lat' dir='ltr'><strong>poetae,</strong></span> <span class='ocrx_word' id='word_1_59' title='bbox 1200 1301 1251 1384; x_wconf 79' lang='lat' dir='ltr'><strong>qui</strong></span> 
     </span>
     <span class='ocr_line' id='line_1_7' title="bbox 86 1402 1251 1483; baseline 0.006 -21"><span class='ocrx_word' id='word_1_60' title='bbox 86 1420 176 1483; x_wconf 72' lang='lat' dir='ltr'><strong>«pterim</strong></span> <span class='ocrx_word' id='word_1_61' title='bbox 193 1402 303 1465; x_wconf 84' lang='lat' dir='ltr'><strong>tabulas</strong></span> <span class='ocrx_word' id='word_1_62' title='bbox 319 1402 391 1466; x_wconf 90' lang='lat' dir='ltr'><strong>alias</strong></span> <span class='ocrx_word' id='word_1_63' title='bbox 405 1404 472 1467; x_wconf 92' lang='lat' dir='ltr'><strong>alibi</strong></span> <span class='ocrx_word' id='word_1_64' title='bbox 492 1416 574 1468; x_wconf 83' lang='lat' dir='ltr'><strong>natas</strong></span> <span class='ocrx_word' id='word_1_65' title='bbox 590 1416 745 1469; x_wconf 81' lang='lat' dir='ltr'><strong>contexere</strong></span> <span class='ocrx_word' id='word_1_66' title='bbox 764 1406 840 1469; x_wconf 89' lang='lat' dir='ltr'><strong>inter</strong></span> <span class='ocrx_word' id='word_1_67' title='bbox 859 1425 892 1467; x_wconf 85' lang='lat' dir='ltr'><strong>se</strong></span> <span class='ocrx_word' id='word_1_68' title='bbox 913 1414 942 1468; x_wconf 91' lang='lat' dir='ltr'><strong>et</strong></span> <span class='ocrx_word' id='word_1_69' title='bbox 961 1404 1139 1468; x_wconf 85' lang='lat' dir='ltr'><strong>concinnare</strong></span> <span class='ocrx_word' id='word_1_70' title='bbox 1158 1424 1251 1469; x_wconf 90' lang='lat' dir='ltr'><strong>cona·</strong></span> 
     </span>
     <span class='ocr_line' id='line_1_8' title="bbox 86 1505 1252 1591; baseline 0.003 -23"><span class='ocrx_word' id='word_1_71' title='bbox 86 1514 196 1579; x_wconf 88' lang='lat' dir='ltr'><strong>rentur,</strong></span> <span class='ocrx_word' id='word_1_72' title='bbox 212 1505 273 1567; x_wconf 84' lang='lat' dir='ltr'><strong>dori</strong></span> <span class='ocrx_word' id='word_1_73' title='bbox 285 1525 346 1568; x_wconf 92' lang='lat' dir='ltr'><strong>non</strong></span> <span class='ocrx_word' id='word_1_74' title='bbox 358 1507 464 1588; x_wconf 89' lang='lat' dir='ltr'><strong>potuit,</strong></span> <span class='ocrx_word' id='word_1_75' title='bbox 479 1508 549 1590; x_wconf 80' lang='lat' dir='ltr'><strong>quin</strong></span> <span class='ocrx_word' id='word_1_76' title='bbox 563 1527 617 1590; x_wconf 91' lang='lat' dir='ltr'><strong>pro</strong></span> <span class='ocrx_word' id='word_1_77' title='bbox 630 1510 820 1572; x_wconf 77' lang='lat' dir='ltr'><strong>fundamento</strong></span> <span class='ocrx_word' id='word_1_78' title='bbox 832 1516 978 1591; x_wconf 77' lang='lat' dir='ltr'><strong>ponerent</strong></span> <span class='ocrx_word' id='word_1_79' title='bbox 989 1527 1039 1569; x_wconf 86' lang='lat' dir='ltr'><strong>eas</strong></span> <span class='ocrx_word' id='word_1_80' title='bbox 1051 1508 1252 1589; x_wconf 87' lang='lat' dir='ltr'><strong>potissimum,</strong></span> 
     </span>
     <span class='ocr_line' id='line_1_9' title="bbox 87 1608 1252 1694; baseline 0.004 -24"><span class='ocrx_word' id='word_1_81' title='bbox 87 1608 245 1690; x_wconf 83' lang='lat' dir='ltr'><strong>quaeipsis</strong></span> <span class='ocrx_word' id='word_1_82' title='bbox 257 1609 366 1690; x_wconf 79' lang='lat' dir='ltr'>patriae</span> <span class='ocrx_word' id='word_1_83' title='bbox 377 1619 407 1673; x_wconf 93' lang='lat' dir='ltr'><strong>et</strong></span> <span class='ocrx_word' id='word_1_84' title='bbox 416 1611 494 1692; x_wconf 87' lang='lat' dir='ltr'><strong>apud</strong></span> <span class='ocrx_word' id='word_1_85' title='bbox 506 1613 663 1694; x_wconf 79' lang='lat' dir='ltr'>populares</span> <span class='ocrx_word' id='word_1_86' title='bbox 676 1632 749 1676; x_wconf 89' lang='lat' dir='ltr'><strong>suos</strong></span> <span class='ocrx_word' id='word_1_87' title='bbox 761 1621 896 1693; x_wconf 76' lang='lat' dir='ltr'><strong>receptae</strong></span> <span class='ocrx_word' id='word_1_88' title='bbox 907 1619 1016 1685; x_wconf 87' lang='lat' dir='ltr'><strong>essent,</strong></span> <span class='ocrx_word' id='word_1_89' title='bbox 1031 1620 1142 1675; x_wconf 74' lang='lat' dir='ltr'><strong>ceteras</strong></span> <span class='ocrx_word' id='word_1_90' title='bbox 1153 1621 1252 1676; x_wconf 89' lang='lat' dir='ltr'><strong>autem</strong></span> 
     </span>
     <span class='ocr_line' id='line_1_10' title="bbox 87 1711 1253 1796; baseline 0.005 -24"><span class='ocrx_word' id='word_1_91' title='bbox 87 1711 132 1773; x_wconf 83' lang='lat' dir='ltr'><strong>bie</strong></span> <span class='ocrx_word' id='word_1_92' title='bbox 147 1719 288 1793; x_wconf 89' lang='lat' dir='ltr'><strong>quantum</strong></span> <span class='ocrx_word' id='word_1_93' title='bbox 305 1720 429 1793; x_wconf 76' lang='lat' dir='ltr'><strong>possent</strong></span> <span class='ocrx_word' id='word_1_94' title='bbox 439 1715 706 1777; x_wconf 85' lang='lat' dir='ltr'><strong>accommodarent.</strong></span> <span class='ocrx_word' id='word_1_95' title='bbox 736 1715 835 1796; x_wconf 82' lang='lat' dir='ltr'><strong>ltaque</strong></span> <span class='ocrx_word' id='word_1_96' title='bbox 847 1713 872 1777; x_wconf 90' lang='lat' dir='ltr'><strong>si</strong></span> <span class='ocrx_word' id='word_1_97' title='bbox 886 1713 963 1776; x_wconf 88' lang='lat' dir='ltr'><strong>loris</strong></span> <span class='ocrx_word' id='word_1_98' title='bbox 978 1732 1100 1777; x_wconf 83' lang='lat' dir='ltr'><strong>uxorem</strong></span> <span class='ocrx_word' id='word_1_99' title='bbox 1116 1714 1146 1777; x_wconf 94' lang='lat' dir='ltr'><strong>in</strong></span> <span class='ocrx_word' id='word_1_100' title='bbox 1159 1714 1253 1796; x_wconf 85' lang='lat' dir='ltr'><strong>patria</strong></span> 
     </span>
     <span class='ocr_line' id='line_1_11' title="bbox 44 1813 1253 1903; baseline 0.004 -28"><span class='ocrx_word' id='word_1_101' title='bbox 44 1901 46 1903; x_wconf 12' lang='grc' dir='ltr'><strong><em>ι</em></strong></span> <span class='ocrx_word' id='word_1_102' title='bbox 87 1833 140 1876; x_wconf 82' lang='lat' dir='ltr'><strong>stra</strong></span> <span class='ocrx_word' id='word_1_103' title='bbox 155 1813 307 1889; x_wconf 88' lang='lat' dir='ltr'><strong>lunonem,</strong></span> <span class='ocrx_word' id='word_1_104' title='bbox 321 1817 401 1897; x_wconf 91' lang='lat' dir='ltr'><strong>apud</strong></span> <span class='ocrx_word' id='word_1_105' title='bbox 416 1815 489 1878; x_wconf 90' lang='lat' dir='ltr'><strong>alios</strong></span> <span class='ocrx_word' id='word_1_106' title='bbox 504 1826 601 1879; x_wconf 87' lang='lat' dir='ltr'><strong>autern</strong></span> <span class='ocrx_word' id='word_1_107' title='bbox 617 1817 687 1880; x_wconf 86' lang='lat' dir='ltr'><strong>alias</strong></span> <span class='ocrx_word' id='word_1_108' title='bbox 703 1816 840 1880; x_wconf 87' lang='lat' dir='ltr'><strong>celebrari</strong></span> <span class='ocrx_word' id='word_1_109' title='bbox 852 1817 990 1892; x_wconf 85' lang='lat' dir='ltr'><strong>riderent,</strong></span> <span class='ocrx_word' id='word_1_110' title='bbox 1004 1815 1253 1880; x_wconf 82' lang='lat' dir='ltr'><strong>conciliandorum</strong></span> 
     </span>
     <span class='ocr_line' id='line_1_12' title="bbox 88 1917 1254 1998; baseline 0.001 -18"><span class='ocrx_word' id='word_1_111' title='bbox 88 1917 252 1981; x_wconf 87' lang='lat' dir='ltr'><strong>tabularum</strong></span> <span class='ocrx_word' id='word_1_112' title='bbox 268 1918 396 1981; x_wconf 88' lang='lat' dir='ltr'><strong>rationes</strong></span> <span class='ocrx_word' id='word_1_113' title='bbox 417 1918 490 1981; x_wconf 91' lang='lat' dir='ltr'><strong>duas</strong></span> <span class='ocrx_word' id='word_1_114' title='bbox 506 1919 661 1983; x_wconf 82' lang='lat' dir='ltr'><strong>habebant.</strong></span> <span class='ocrx_word' id='word_1_115' title='bbox 690 1923 749 1983; x_wconf 77' lang='lat' dir='ltr'><strong>dut</strong></span> <span class='ocrx_word' id='word_1_116' title='bbox 762 1921 841 1982; x_wconf 89' lang='lat' dir='ltr'><strong>enirn</strong></span> <span class='ocrx_word' id='word_1_117' title='bbox 857 1918 948 1981; x_wconf 87' lang='lat' dir='ltr'><strong>luisse</strong></span> <span class='ocrx_word' id='word_1_118' title='bbox 963 1917 1081 1998; x_wconf 89' lang='lat' dir='ltr'><strong>quidem</strong></span> <span class='ocrx_word' id='word_1_119' title='bbox 1096 1919 1167 1981; x_wconf 79' lang='lat' dir='ltr'><strong>alias</strong></span> <span class='ocrx_word' id='word_1_120' title='bbox 1183 1919 1254 1981; x_wconf 92' lang='lat' dir='ltr'><strong>olim</strong></span> 
     </span>
     <span class='ocr_line' id='line_1_13' title="bbox 88 2020 1255 2105; baseline 0.002 -23"><span class='ocrx_word' id='word_1_121' title='bbox 88 2021 149 2082; x_wconf 87' lang='lat' dir='ltr'><strong>lori</strong></span> <span class='ocrx_word' id='word_1_122' title='bbox 164 2030 272 2102; x_wconf 87' lang='lat' dir='ltr'><strong>nuptas</strong></span> <span class='ocrx_word' id='word_1_123' title='bbox 288 2020 513 2103; x_wconf 81' lang='lat' dir='ltr'><strong>profitebantur,</strong></span> <span class='ocrx_word' id='word_1_124' title='bbox 534 2021 585 2084; x_wconf 89' lang='lat' dir='ltr'><strong>sed</strong></span> <span class='ocrx_word' id='word_1_125' title='bbox 606 2030 709 2105; x_wconf 92' lang='lat' dir='ltr'><strong>postea</strong></span> <span class='ocrx_word' id='word_1_126' title='bbox 730 2022 884 2095; x_wconf 85' lang='lat' dir='ltr'><strong>dimissas,</strong></span> <span class='ocrx_word' id='word_1_127' title='bbox 905 2028 956 2082; x_wconf 90' lang='lat' dir='ltr'><strong>aut</strong></span> <span class='ocrx_word' id='word_1_128' title='bbox 974 2037 1013 2082; x_wconf 90' lang='lat' dir='ltr'><strong>ne</strong></span> <span class='ocrx_word' id='word_1_129' title='bbox 1028 2020 1121 2083; x_wconf 89' lang='lat' dir='ltr'><strong>luisse</strong></span> <span class='ocrx_word' id='word_1_130' title='bbox 1135 2021 1255 2103; x_wconf 86' lang='lat' dir='ltr'><strong>quidem</strong></span> 
     </span>
     <span class='ocr_line' id='line_1_14' title="bbox 88 2122 1257 2206; baseline 0.002 -22"><span class='ocrx_word' id='word_1_131' title='bbox 88 2124 149 2186; x_wconf 91' lang='lat' dir='ltr'><strong>illas</strong></span> <span class='ocrx_word' id='word_1_132' title='bbox 165 2142 272 2186; x_wconf 84' lang='lat' dir='ltr'><strong>uxores</strong></span> <span class='ocrx_word' id='word_1_133' title='bbox 288 2124 445 2204; x_wconf 81' lang='lat' dir='ltr'><strong>legitimas,</strong></span> <span class='ocrx_word' id='word_1_134' title='bbox 464 2125 515 2188; x_wconf 86' lang='lat' dir='ltr'><strong>sed</strong></span> <span class='ocrx_word' id='word_1_135' title='bbox 532 2125 666 2206; x_wconf 82' lang='lat' dir='ltr'><strong>pellicum</strong></span> <span class='ocrx_word' id='word_1_136' title='bbox 682 2125 749 2189; x_wconf 92' lang='lat' dir='ltr'><strong>loco</strong></span> <span class='ocrx_word' id='word_1_137' title='bbox 765 2135 890 2199; x_wconf 84' lang='lat' dir='ltr'><strong>amatas,</strong></span> <span class='ocrx_word' id='word_1_138' title='bbox 911 2122 1012 2204; x_wconf 74' lang='lat' dir='ltr'><strong>petales</strong></span> <span class='ocrx_word' id='word_1_139' title='bbox 1027 2143 1159 2198; x_wconf 88' lang='lat' dir='ltr'><strong>amores,</strong></span> <span class='ocrx_word' id='word_1_140' title='bbox 1179 2123 1257 2186; x_wconf 91' lang='lat' dir='ltr'><strong>sicut</strong></span> 
     </span>
     <span class='ocr_line' id='line_1_15' title="bbox 33 2226 1255 2309; baseline 0.001 -21"><span class='ocrx_word' id='word_1_141' title='bbox 33 2268 36 2274; x_wconf 90' lang='lat'><em>-</em></span> <span class='ocrx_word' id='word_1_142' title='bbox 88 2227 164 2288; x_wconf 89' lang='lat' dir='ltr'><strong>inter</strong></span> <span class='ocrx_word' id='word_1_143' title='bbox 177 2226 314 2289; x_wconf 88' lang='lat' dir='ltr'><strong>lromines</strong></span> <span class='ocrx_word' id='word_1_144' title='bbox 329 2226 423 2289; x_wconf 87' lang='lat' dir='ltr'><strong>nullae</strong></span> <span class='ocrx_word' id='word_1_145' title='bbox 437 2227 515 2306; x_wconf 79' lang='lat' dir='ltr'><strong>leges</strong></span> <span class='ocrx_word' id='word_1_146' title='bbox 530 2228 679 2300; x_wconf 86' lang='lat' dir='ltr'><strong>rotabant,</strong></span> <span class='ocrx_word' id='word_1_147' title='bbox 692 2228 730 2289; x_wconf 91' lang='lat' dir='ltr'><strong>ita</strong></span> <span class='ocrx_word' id='word_1_148' title='bbox 747 2228 777 2289; x_wconf 89' lang='lat' dir='ltr'><strong>in</strong></span> <span class='ocrx_word' id='word_1_149' title='bbox 793 2227 848 2289; x_wconf 91' lang='lat' dir='ltr'><strong>diis</strong></span> <span class='ocrx_word' id='word_1_150' title='bbox 864 2246 981 2309; x_wconf 80' lang='lat' dir='ltr'><strong>quoque</strong></span> <span class='ocrx_word' id='word_1_151' title='bbox 996 2244 1058 2289; x_wconf 90' lang='lat' dir='ltr'><strong>non</strong></span> <span class='ocrx_word' id='word_1_152' title='bbox 1074 2245 1255 2308; x_wconf 77' lang='lat' dir='ltr'><strong>magnopere</strong></span> 
     </span>
     <span class='ocr_line' id='line_1_16' title="bbox 89 2329 1255 2412; baseline 0.002 -22"><span class='ocrx_word' id='word_1_153' title='bbox 89 2329 164 2392; x_wconf 90' lang='lat' dir='ltr'><strong>illius</strong></span> <span class='ocrx_word' id='word_1_154' title='bbox 178 2330 279 2393; x_wconf 87' lang='lat' dir='ltr'><strong>aetatis</strong></span> <span class='ocrx_word' id='word_1_155' title='bbox 299 2329 414 2392; x_wconf 87' lang='lat' dir='ltr'><strong>animos</strong></span> <span class='ocrx_word' id='word_1_156' title='bbox 436 2329 584 2392; x_wconf 88' lang='lat' dir='ltr'><strong>ollemlere</strong></span> <span class='ocrx_word' id='word_1_157' title='bbox 598 2330 732 2412; x_wconf 86' lang='lat' dir='ltr'><strong>potuisse</strong></span> <span class='ocrx_word' id='word_1_158' title='bbox 747 2330 828 2393; x_wconf 80' lang='lat' dir='ltr'><strong>facile</strong></span> <span class='ocrx_word' id='word_1_159' title='bbox 842 2339 971 2412; x_wconf 90' lang='lat' dir='ltr'><strong>apparet.</strong></span> <span class='ocrx_word' id='word_1_160' title='bbox 1005 2329 1132 2412; x_wconf 82' lang='lat' dir='ltr'><strong>Utraque</strong></span> <span class='ocrx_word' id='word_1_161' title='bbox 1146 2330 1222 2393; x_wconf 93' lang='lat' dir='ltr'><strong>ratio</strong></span> <span class='ocrx_word' id='word_1_162' title='bbox 1237 2350 1255 2392; x_wconf 85' lang='lat' dir='ltr'><strong>a</strong></span> 
     </span>
     <span class='ocr_line' id='line_1_17' title="bbox 88 2433 1257 2515; baseline 0.002 -21"><span class='ocrx_word' id='word_1_163' title='bbox 88 2433 283 2495; x_wconf 78' lang='lat' dir='ltr'>nobilioribus</span> <span class='ocrx_word' id='word_1_164' title='bbox 298 2433 410 2514; x_wconf 81' lang='lat' dir='ltr'><strong>poetis,</strong></span> <span class='ocrx_word' id='word_1_165' title='bbox 431 2442 459 2494; x_wconf 88' lang='lat' dir='ltr'><strong>et</strong></span> <span class='ocrx_word' id='word_1_166' title='bbox 479 2451 605 2512; x_wconf 85' lang='lat' dir='ltr'><strong>quorum</strong></span> <span class='ocrx_word' id='word_1_167' title='bbox 621 2434 750 2495; x_wconf 87' lang='lat' dir='ltr'><strong>carmina</strong></span> <span class='ocrx_word' id='word_1_168' title='bbox 766 2433 870 2496; x_wconf 88' lang='lat' dir='ltr'><strong>ceteris</strong></span> <span class='ocrx_word' id='word_1_169' title='bbox 886 2452 940 2515; x_wconf 93' lang='lat' dir='ltr'><strong>pro</strong></span> <span class='ocrx_word' id='word_1_170' title='bbox 961 2434 1096 2515; x_wconf 84' lang='lat' dir='ltr'><strong>exemplo</strong></span> <span class='ocrx_word' id='word_1_171' title='bbox 1112 2443 1212 2496; x_wconf 90' lang='lat' dir='ltr'><strong>essent</strong></span> <span class='ocrx_word' id='word_1_172' title='bbox 1226 2443 1257 2496; x_wconf 90' lang='lat' dir='ltr'><strong>et</strong></span> 
     </span>
     <span class='ocr_line' id='line_1_18' title="bbox 24 2536 1256 2618; baseline -0.001 -19"><span class='ocrx_word' id='word_1_173' title='bbox 24 2588 26 2592; x_wconf 14' lang='grc' dir='ltr'><em>Α</em></span> <span class='ocrx_word' id='word_1_174' title='bbox 89 2537 172 2618; x_wconf 81' lang='lat' dir='ltr'>quasi</span> <span class='ocrx_word' id='word_1_175' title='bbox 189 2537 264 2599; x_wconf 88' lang='lat' dir='ltr'><strong>riam</strong></span> <span class='ocrx_word' id='word_1_176' title='bbox 279 2537 433 2618; x_wconf 89' lang='lat' dir='ltr'><strong>praeirent,</strong></span> <span class='ocrx_word' id='word_1_177' title='bbox 445 2536 535 2599; x_wconf 89' lang='lat' dir='ltr'><strong>ascita</strong></span> <span class='ocrx_word' id='word_1_178' title='bbox 549 2545 578 2598; x_wconf 91' lang='lat' dir='ltr'><strong>et</strong></span> <span class='ocrx_word' id='word_1_179' title='bbox 592 2537 627 2598; x_wconf 94' lang='lat' dir='ltr'><strong>ad</strong></span> <span class='ocrx_word' id='word_1_180' title='bbox 644 2545 781 2618; x_wconf 91' lang='lat' dir='ltr'><strong>posteros</strong></span> <span class='ocrx_word' id='word_1_181' title='bbox 797 2545 957 2618; x_wconf 80' lang='lat' dir='ltr'><strong>propagata</strong></span> <span class='ocrx_word' id='word_1_182' title='bbox 972 2547 1025 2599; x_wconf 87' lang='lat' dir='ltr'><strong>est.</strong></span> <span class='ocrx_word' id='word_1_183' title='bbox 1051 2537 1178 2600; x_wconf 77' lang='lat' dir='ltr'><strong>Alteram</strong></span> <span class='ocrx_word' id='word_1_184' title='bbox 1191 2536 1256 2599; x_wconf 92' lang='lat' dir='ltr'><strong>llo·</strong></span> 
     </span>
     <span class='ocr_line' id='line_1_19' title="bbox 89 2639 1255 2722; baseline 0 -20"><span class='ocrx_word' id='word_1_185' title='bbox 89 2660 188 2703; x_wconf 88' lang='lat' dir='ltr'><strong>merus</strong></span> <span class='ocrx_word' id='word_1_186' title='bbox 203 2640 343 2722; x_wconf 82' lang='lat' dir='ltr'><strong>sequitur,</strong></span> <span class='ocrx_word' id='word_1_187' title='bbox 358 2640 408 2721; x_wconf 87' lang='lat' dir='ltr'><strong>qui</strong></span> <span class='ocrx_word' id='word_1_188' title='bbox 423 2659 514 2720; x_wconf 80' lang='lat' dir='ltr'><strong>quum</strong></span> <span class='ocrx_word' id='word_1_189' title='bbox 531 2639 627 2701; x_wconf 82' lang='lat' dir='ltr'><strong>lovem</strong></span> <span class='ocrx_word' id='word_1_190' title='bbox 645 2640 743 2701; x_wconf 78' lang='lat' dir='ltr'><strong>statim</strong></span> <span class='ocrx_word' id='word_1_191' title='bbox 759 2639 973 2701; x_wconf 67' lang='lat' dir='ltr'><strong>adolescentem</strong></span> <span class='ocrx_word' id='word_1_192' title='bbox 989 2658 1056 2702; x_wconf 84' lang='lat' dir='ltr'><strong>cunr</strong></span> <span class='ocrx_word' id='word_1_193' title='bbox 1073 2639 1186 2702; x_wconf 77' lang='lat' dir='ltr'><strong>tunore</strong></span> <span class='ocrx_word' id='word_1_194' title='bbox 1200 2660 1255 2702; x_wconf 90' lang='lat' dir='ltr'><strong>co·</strong></span> 
     </span>
     <span class='ocr_line' id='line_1_20' title="bbox 89 2739 1255 2824; baseline 0.001 -21"><span class='ocrx_word' id='word_1_195' title='bbox 89 2744 181 2824; x_wconf 90' lang='lat' dir='ltr'><strong>pulet,</strong></span> <span class='ocrx_word' id='word_1_196' title='bbox 202 2751 311 2805; x_wconf 81' lang='lat' dir='ltr'><strong>mteras</strong></span> <span class='ocrx_word' id='word_1_197' title='bbox 328 2741 418 2803; x_wconf 87' lang='lat' dir='ltr'><strong>rideri</strong></span> <span class='ocrx_word' id='word_1_198' title='bbox 440 2739 525 2802; x_wconf 89' lang='lat' dir='ltr'><strong>debet</strong></span> <span class='ocrx_word' id='word_1_199' title='bbox 544 2759 599 2821; x_wconf 92' lang='lat' dir='ltr'><strong>pro</strong></span> <span class='ocrx_word' id='word_1_200' title='bbox 621 2741 771 2822; x_wconf 88' lang='lat' dir='ltr'><strong>pellicibus</strong></span> <span class='ocrx_word' id='word_1_201' title='bbox 792 2741 945 2803; x_wconf 86' lang='lat' dir='ltr'><strong>babuisse:</strong></span> <span class='ocrx_word' id='word_1_202' title='bbox 964 2742 1083 2805; x_wconf 87' lang='lat' dir='ltr'><strong>alteram</strong></span> <span class='ocrx_word' id='word_1_203' title='bbox 1104 2740 1255 2804; x_wconf 88' lang='lat' dir='ltr'><strong>llesiodus</strong></span> 
     </span>
     <span class='ocr_line' id='line_1_21' title="bbox 88 2840 1255 2925; baseline -0.002 -19"><span class='ocrx_word' id='word_1_204' title='bbox 88 2845 240 2925; x_wconf 79' lang='lat' dir='ltr'><strong>amplexus</strong></span> <span class='ocrx_word' id='word_1_205' title='bbox 255 2855 311 2916; x_wconf 90' lang='lat' dir='ltr'><strong>est,</strong></span> <span class='ocrx_word' id='word_1_206' title='bbox 325 2843 506 2924; x_wconf 78' lang='lat' dir='ltr'><strong>apud&#39;quem</strong></span> <span class='ocrx_word' id='word_1_207' title='bbox 518 2840 661 2903; x_wconf 88' lang='lat' dir='ltr'><strong>lunonem</strong></span> <span class='ocrx_word' id='word_1_208' title='bbox 674 2842 783 2922; x_wconf 90' lang='lat' dir='ltr'><strong>lnpiter</strong></span> <span class='ocrx_word' id='word_1_209' title='bbox 798 2842 929 2904; x_wconf 91' lang='lat' dir='ltr'><strong>omnium</strong></span> <span class='ocrx_word' id='word_1_210' title='bbox 946 2852 1127 2923; x_wconf 83' lang='lat' dir='ltr'><strong>postremam</strong></span> <span class='ocrx_word' id='word_1_211' title='bbox 1143 2843 1173 2904; x_wconf 92' lang='lat' dir='ltr'><strong>in</strong></span> <span class='ocrx_word' id='word_1_212' title='bbox 1189 2862 1255 2905; x_wconf 82' lang='lat' dir='ltr'><strong>ma·</strong></span> 
     </span>
     <span class='ocr_line' id='line_1_22' title="bbox 90 2943 1255 3026; baseline 0.001 -19"><span class='ocrx_word' id='word_1_213' title='bbox 90 2946 261 3009; x_wconf 91' lang='lat' dir='ltr'><strong>trimonium</strong></span> <span class='ocrx_word' id='word_1_214' title='bbox 278 2945 370 3019; x_wconf 85' lang='lat' dir='ltr'><strong>ducit,</strong></span> <span class='ocrx_word' id='word_1_215' title='bbox 385 2962 479 3025; x_wconf 81' lang='lat' dir='ltr'><strong>neque</strong></span> <span class='ocrx_word' id='word_1_216' title='bbox 498 2943 606 3005; x_wconf 88' lang='lat' dir='ltr'><strong>liberos</strong></span> <span class='ocrx_word' id='word_1_217' title='bbox 628 2952 729 3024; x_wconf 90' lang='lat' dir='ltr'><strong>postea</strong></span> <span class='ocrx_word' id='word_1_218' title='bbox 748 2962 782 3005; x_wconf 84' lang='lat' dir='ltr'><strong>ex</strong></span> <span class='ocrx_word' id='word_1_219' title='bbox 798 2944 859 3005; x_wconf 90' lang='lat' dir='ltr'><strong>aliis</strong></span> <span class='ocrx_word' id='word_1_220' title='bbox 875 2944 984 3006; x_wconf 90' lang='lat' dir='ltr'><strong>deabus</strong></span> <span class='ocrx_word' id='word_1_221' title='bbox 1000 2954 1147 3024; x_wconf 84' lang='lat' dir='ltr'><strong>procreat,</strong></span> <span class='ocrx_word' id='word_1_222' title='bbox 1167 2964 1255 3026; x_wconf 89' lang='lat' dir='ltr'><strong>prae·</strong></span> 
     </span>
     <span class='ocr_line' id='line_1_23' title="bbox 91 3046 1256 3131; baseline -0.001 -21"><span class='ocrx_word' id='word_1_223' title='bbox 91 3058 222 3131; x_wconf 78' lang='lat' dir='ltr'><strong>temptam</strong></span> <span class='ocrx_word' id='word_1_224' title='bbox 238 3068 272 3110; x_wconf 84' lang='lat' dir='ltr'><strong>ex</strong></span> <span class='ocrx_word' id='word_1_225' title='bbox 288 3047 360 3110; x_wconf 83' lang='lat' dir='ltr'><strong>blaia</strong></span> <span class='ocrx_word' id='word_1_226' title='bbox 376 3046 561 3110; x_wconf 87' lang='lat' dir='ltr'><strong>llercurium.</strong></span> <span class='ocrx_word' id='word_1_227' title='bbox 592 3046 649 3107; x_wconf 87' lang='lat' dir='ltr'><strong>Sed</strong></span> <span class='ocrx_word' id='word_1_228' title='bbox 665 3047 736 3108; x_wconf 89' lang='lat' dir='ltr'><strong>baec</strong></span> <span class='ocrx_word' id='word_1_229' title='bbox 750 3046 873 3108; x_wconf 70' lang='lat' dir='ltr'><strong>Atlantis</strong></span> <span class='ocrx_word' id='word_1_230' title='bbox 890 3047 955 3119; x_wconf 80' lang='lat' dir='ltr'><strong>utta,</strong></span> <span class='ocrx_word' id='word_1_231' title='bbox 971 3046 1059 3128; x_wconf 85' lang='lat' dir='ltr'><strong>lapeti</strong></span> <span class='ocrx_word' id='word_1_232' title='bbox 1075 3048 1181 3129; x_wconf 87' lang='lat' dir='ltr'><strong>neptis,</strong></span> <span class='ocrx_word' id='word_1_233' title='bbox 1197 3048 1256 3110; x_wconf 89' lang='lat' dir='ltr'><strong>mi·</strong></span> 
     </span>
     <span class='ocr_line' id='line_1_24' title="bbox 90 3148 1257 3231; baseline -0.003 -16"><span class='ocrx_word' id='word_1_234' title='bbox 90 3152 172 3215; x_wconf 90' lang='lat' dir='ltr'><strong>noris</strong></span> <span class='ocrx_word' id='word_1_235' title='bbox 188 3152 253 3213; x_wconf 89' lang='lat' dir='ltr'><strong>sine</strong></span> <span class='ocrx_word' id='word_1_236' title='bbox 268 3150 358 3212; x_wconf 93' lang='lat' dir='ltr'><strong>dubio</strong></span> <span class='ocrx_word' id='word_1_237' title='bbox 376 3149 525 3231; x_wconf 82' lang='lat' dir='ltr'><strong>dignitatis·</strong></span> <span class='ocrx_word' id='word_1_238' title='bbox 537 3148 742 3230; x_wconf 83' lang='lat' dir='ltr'><strong>interiorisque</strong></span> <span class='ocrx_word' id='word_1_239' title='bbox 753 3149 809 3212; x_wconf 90' lang='lat' dir='ltr'><strong>loci</strong></span> <span class='ocrx_word' id='word_1_240' title='bbox 822 3170 888 3212; x_wconf 88' lang='lat' dir='ltr'><strong>esse</strong></span> <span class='ocrx_word' id='word_1_241' title='bbox 901 3150 1060 3222; x_wconf 76' lang='lat' dir='ltr'><strong>virlebatur,</strong></span> <span class='ocrx_word' id='word_1_242' title='bbox 1076 3169 1165 3231; x_wconf 86' lang='lat' dir='ltr'><strong>quam</strong></span> <span class='ocrx_word' id='word_1_243' title='bbox 1182 3148 1257 3224; x_wconf 90' lang='lat' dir='ltr'><strong>illae,</strong></span> 
     </span>
     <span class='ocr_line' id='line_1_25' title="bbox 91 3251 1259 3336; baseline -0.003 -19"><span class='ocrx_word' id='word_1_244' title='bbox 91 3275 166 3336; x_wconf 89' lang='lat' dir='ltr'><strong>quae</strong></span> <span class='ocrx_word' id='word_1_245' title='bbox 180 3264 246 3316; x_wconf 92' lang='lat' dir='ltr'><strong>ante</strong></span> <span class='ocrx_word' id='word_1_246' title='bbox 262 3255 405 3315; x_wconf 86' lang='lat' dir='ltr'><strong>lunonem</strong></span> <span class='ocrx_word' id='word_1_247' title='bbox 421 3251 481 3314; x_wconf 86' lang='lat' dir='ltr'><strong>lovi</strong></span> <span class='ocrx_word' id='word_1_248' title='bbox 496 3261 665 3332; x_wconf 89' lang='lat' dir='ltr'><strong>nupserant,</strong></span> <span class='ocrx_word' id='word_1_249' title='bbox 677 3260 710 3313; x_wconf 91' lang='lat' dir='ltr'><strong>ut</strong></span> <span class='ocrx_word' id='word_1_250' title='bbox 720 3251 825 3314; x_wconf 82' lang='lat' dir='ltr'><strong>llaiam</strong></span> <span class='ocrx_word' id='word_1_251' title='bbox 841 3253 959 3334; x_wconf 82' lang='lat' dir='ltr'><strong>quidem</strong></span> <span class='ocrx_word' id='word_1_252' title='bbox 976 3252 1108 3332; x_wconf 86' lang='lat' dir='ltr'><strong>pellicem</strong></span> <span class='ocrx_word' id='word_1_253' title='bbox 1123 3251 1186 3312; x_wconf 84' lang='lat' dir='ltr'><strong>eius</strong></span> <span class='ocrx_word' id='word_1_254' title='bbox 1202 3251 1259 3314; x_wconf 84' lang='lat' dir='ltr'><strong>ha·</strong></span> 
     </span>
     <span class='ocr_line' id='line_1_26' title="bbox 91 3353 1260 3435; baseline -0.004 -15"><span class='ocrx_word' id='word_1_255' title='bbox 91 3357 152 3420; x_wconf 91' lang='lat' dir='ltr'><strong>beri</strong></span> <span class='ocrx_word' id='word_1_256' title='bbox 172 3358 237 3419; x_wconf 90' lang='lat' dir='ltr'><strong>sine</strong></span> <span class='ocrx_word' id='word_1_257' title='bbox 256 3355 360 3418; x_wconf 88' lang='lat' dir='ltr'><strong>iniuria</strong></span> <span class='ocrx_word' id='word_1_258' title='bbox 381 3354 496 3428; x_wconf 83' lang='lat' dir='ltr'><strong>liceret,</strong></span> <span class='ocrx_word' id='word_1_259' title='bbox 515 3353 578 3416; x_wconf 91' lang='lat' dir='ltr'><strong>illas</strong></span> <span class='ocrx_word' id='word_1_260' title='bbox 603 3362 699 3415; x_wconf 90' lang='lat' dir='ltr'><strong>autem</strong></span> <span class='ocrx_word' id='word_1_261' title='bbox 725 3353 872 3416; x_wconf 89' lang='lat' dir='ltr'><strong>maiorum</strong></span> <span class='ocrx_word' id='word_1_262' title='bbox 891 3354 1022 3435; x_wconf 79' lang='lat' dir='ltr'><strong>gentium</strong></span> <span class='ocrx_word' id='word_1_263' title='bbox 1047 3353 1117 3416; x_wconf 88' lang='lat' dir='ltr'><strong>deas</strong></span> <span class='ocrx_word' id='word_1_264' title='bbox 1137 3371 1260 3415; x_wconf 86' lang='lat' dir='ltr'><strong>neeesse</strong></span> 
     </span>
     <span class='ocr_line' id='line_1_27' title="bbox 91 3456 1260 3538; baseline -0.003 -15"><span class='ocrx_word' id='word_1_265' title='bbox 91 3469 170 3523; x_wconf 89' lang='lat' dir='ltr'><strong>esset</strong></span> <span class='ocrx_word' id='word_1_266' title='bbox 183 3478 290 3522; x_wconf 81' lang='lat' dir='ltr'><strong>uxores</strong></span> <span class='ocrx_word' id='word_1_267' title='bbox 306 3457 457 3538; x_wconf 79' lang='lat' dir='ltr'><strong>legitimas,</strong></span> <span class='ocrx_word' id='word_1_268' title='bbox 473 3457 606 3538; x_wconf 75' lang='lat' dir='ltr'><strong>quamvis</strong></span> <span class='ocrx_word' id='word_1_269' title='bbox 620 3474 691 3518; x_wconf 84' lang='lat' dir='ltr'><strong>mox</strong></span> <span class='ocrx_word' id='word_1_270' title='bbox 706 3456 843 3519; x_wconf 90' lang='lat' dir='ltr'><strong>dimissas</strong></span> <span class='ocrx_word' id='word_1_271' title='bbox 859 3458 946 3520; x_wconf 88' lang='lat' dir='ltr'><strong>credi.</strong></span> <span class='ocrx_word' id='word_1_272' title='bbox 962 3492 1005 3503; x_wconf 94' lang='lat'>—</span> <span class='ocrx_word' id='word_1_273' title='bbox 1024 3456 1160 3520; x_wconf 89' lang='lat' dir='ltr'><strong>Ceterum</strong></span> <span class='ocrx_word' id='word_1_274' title='bbox 1176 3457 1260 3520; x_wconf 92' lang='lat' dir='ltr'><strong>ordi·</strong></span> 
     </span>
     <span class='ocr_line' id='line_1_28' title="bbox 92 3558 1260 3644; baseline -0.003 -18"><span class='ocrx_word' id='word_1_275' title='bbox 92 3583 160 3627; x_wconf 91' lang='lat' dir='ltr'><strong>nem</strong></span> <span class='ocrx_word' id='word_1_276' title='bbox 176 3581 295 3644; x_wconf 85' lang='lat' dir='ltr'><strong>quoque</strong></span> <span class='ocrx_word' id='word_1_277' title='bbox 309 3560 338 3623; x_wconf 93' lang='lat' dir='ltr'><strong>in</strong></span> <span class='ocrx_word' id='word_1_278' title='bbox 354 3559 560 3622; x_wconf 76' lang='lat' dir='ltr'><strong>enumerandis</strong></span> <span class='ocrx_word' id='word_1_279' title='bbox 580 3568 692 3640; x_wconf 87' lang='lat' dir='ltr'><strong>septem</strong></span> <span class='ocrx_word' id='word_1_280' title='bbox 708 3558 784 3622; x_wconf 87' lang='lat' dir='ltr'><strong>loris</strong></span> <span class='ocrx_word' id='word_1_281' title='bbox 800 3560 942 3623; x_wconf 86' lang='lat' dir='ltr'><strong>uxoribus</strong></span> <span class='ocrx_word' id='word_1_282' title='bbox 958 3560 1106 3622; x_wconf 87' lang='lat' dir='ltr'><strong>llcsiodus</strong></span> <span class='ocrx_word' id='word_1_283' title='bbox 1121 3578 1190 3622; x_wconf 91' lang='lat' dir='ltr'><strong>eum</strong></span> <span class='ocrx_word' id='word_1_284' title='bbox 1209 3579 1260 3623; x_wconf 89' lang='lat' dir='ltr'><strong>se-</strong></span> 
     </span>
     <span class='ocr_line' id='line_1_29' title="bbox 93 3661 1262 3747; baseline -0.004 -18"><span class='ocrx_word' id='word_1_285' title='bbox 93 3667 200 3747; x_wconf 90' lang='lat' dir='ltr'><strong>quitur,</strong></span> <span class='ocrx_word' id='word_1_286' title='bbox 217 3684 304 3747; x_wconf 86' lang='lat' dir='ltr'><strong>quem</strong></span> <span class='ocrx_word' id='word_1_287' title='bbox 320 3681 382 3726; x_wconf 88' lang='lat' dir='ltr'><strong>non</strong></span> <span class='ocrx_word' id='word_1_288' title='bbox 395 3681 464 3726; x_wconf 89' lang='lat' dir='ltr'><strong>casu</strong></span> <span class='ocrx_word' id='word_1_289' title='bbox 479 3670 642 3734; x_wconf 78' lang='lat' dir='ltr'><strong>rotemero,</strong></span> <span class='ocrx_word' id='word_1_290' title='bbox 658 3662 709 3724; x_wconf 90' lang='lat' dir='ltr'><strong>sed</strong></span> <span class='ocrx_word' id='word_1_291' title='bbox 725 3662 861 3743; x_wconf 90' lang='lat' dir='ltr'><strong>prudenti</strong></span> <span class='ocrx_word' id='word_1_292' title='bbox 874 3663 997 3726; x_wconf 82' lang='lat' dir='ltr'><strong>consido</strong></span> <span class='ocrx_word' id='word_1_293' title='bbox 1009 3661 1177 3726; x_wconf 91' lang='lat' dir='ltr'><strong>institutum</strong></span> <span class='ocrx_word' id='word_1_294' title='bbox 1193 3681 1262 3725; x_wconf 89' lang='lat' dir='ltr'><strong>esse</strong></span> 
     </span>
     <span class='ocr_line' id='line_1_30' title="bbox 93 3765 1261 3848; baseline -0.003 -15"><span class='ocrx_word' id='word_1_295' title='bbox 93 3769 174 3833; x_wconf 87' lang='lat' dir='ltr'><strong>lacile</strong></span> <span class='ocrx_word' id='word_1_296' title='bbox 192 3768 342 3848; x_wconf 76' lang='lat' dir='ltr'><strong>intelligas.</strong></span> <span class='ocrx_word' id='word_1_297' title='bbox 378 3766 453 3830; x_wconf 84' lang='lat' dir='ltr'><strong>b&#39;am</strong></span> <span class='ocrx_word' id='word_1_298' title='bbox 477 3766 601 3828; x_wconf 88' lang='lat' dir='ltr'><strong>deorum</strong></span> <span class='ocrx_word' id='word_1_299' title='bbox 625 3765 840 3846; x_wconf 85' lang='lat' dir='ltr'><strong>lrorniuumque</strong></span> <span class='ocrx_word' id='word_1_300' title='bbox 864 3766 1043 3829; x_wconf 83' lang='lat' dir='ltr'><strong>moderatori</strong></span> <span class='ocrx_word' id='word_1_301' title='bbox 1067 3776 1134 3829; x_wconf 90' lang='lat' dir='ltr'><strong>ante</strong></span> <span class='ocrx_word' id='word_1_302' title='bbox 1159 3767 1261 3829; x_wconf 85' lang='lat' dir='ltr'><strong>omnia</strong></span> 
     </span>
     <span class='ocr_line' id='line_1_31' title="bbox 62 3868 1261 3955; baseline -0.001 -20"><span class='ocrx_word' id='word_1_303' title='bbox 62 3868 64 3873; x_wconf 74' lang='grc'><strong>’</strong></span> <span class='ocrx_word' id='word_1_304' title='bbox 94 3872 278 3955; x_wconf 84' lang='lat' dir='ltr'><strong>prudentiam</strong></span> <span class='ocrx_word' id='word_1_305' title='bbox 295 3872 399 3933; x_wconf 90' lang='lat' dir='ltr'><strong>adesse</strong></span> <span class='ocrx_word' id='word_1_306' title='bbox 414 3870 656 3952; x_wconf 62' lang='lat' dir='ltr'><strong>oportebatque</strong></span> <span class='ocrx_word' id='word_1_307' title='bbox 672 3870 808 3933; x_wconf 91' lang='lat' dir='ltr'><strong>ordinare</strong></span> <span class='ocrx_word' id='word_1_308' title='bbox 820 3890 943 3951; x_wconf 78' lang='lat' dir='ltr'><strong>regnum</strong></span> <span class='ocrx_word' id='word_1_309' title='bbox 959 3884 989 3933; x_wconf 86' lang='lat' dir='ltr'><strong>et</strong></span> <span class='ocrx_word' id='word_1_310' title='bbox 1004 3871 1133 3934; x_wconf 88' lang='lat' dir='ltr'><strong>stabilire</strong></span> <span class='ocrx_word' id='word_1_311' title='bbox 1148 3881 1261 3951; x_wconf 90' lang='lat' dir='ltr'><strong>posset.</strong></span> 
     </span>
     <span class='ocr_line' id='line_1_32' title="bbox 96 3973 1262 4056; baseline -0.003 -16"><span class='ocrx_word' id='word_1_312' title='bbox 96 3979 177 4040; x_wconf 90' lang='lat' dir='ltr'><strong>llanc</strong></span> <span class='ocrx_word' id='word_1_313' title='bbox 197 3976 235 4038; x_wconf 93' lang='lat' dir='ltr'><strong>ob</strong></span> <span class='ocrx_word' id='word_1_314' title='bbox 255 3995 373 4038; x_wconf 87' lang='lat' dir='ltr'><strong>causam</strong></span> <span class='ocrx_word' id='word_1_315' title='bbox 388 3975 506 4050; x_wconf 82' lang='lat' dir='ltr'><strong>bletin,</strong></span> <span class='ocrx_word' id='word_1_316' title='bbox 525 3976 555 4036; x_wconf 89' lang='lat' dir='ltr'><strong>h.</strong></span> <span class='ocrx_word' id='word_1_317' title='bbox 573 3974 691 4044; x_wconf 85' lang='lat' dir='ltr'><strong>euibil</strong></span> <span class='ocrx_word' id='word_1_318' title='bbox 710 3973 786 4036; x_wconf 89' lang='lat' dir='ltr'><strong>aliud</strong></span> <span class='ocrx_word' id='word_1_319' title='bbox 806 3994 895 4055; x_wconf 90' lang='lat' dir='ltr'><strong>quam</strong></span> <span class='ocrx_word' id='word_1_320' title='bbox 912 3975 1113 4056; x_wconf 83' lang='lat' dir='ltr'><strong>prudentiam,</strong></span> <span class='ocrx_word' id='word_1_321' title='bbox 1133 3973 1262 4055; x_wconf 90' lang='lat' dir='ltr'><strong>primam</strong></span> 
     </span>
     <span class='ocr_line' id='line_1_33' title="bbox 95 4076 1264 4166; baseline -0.004 -22"><span class='ocrx_word' id='word_1_322' title='bbox 95 4100 218 4144; x_wconf 83' lang='lat' dir='ltr'><strong>uxorem</strong></span> <span class='ocrx_word' id='word_1_323' title='bbox 236 4079 325 4160; x_wconf 82' lang='lat' dir='ltr'><strong>capit,</strong></span> <span class='ocrx_word' id='word_1_324' title='bbox 345 4098 473 4160; x_wconf 84' lang='lat' dir='ltr'><strong>moxque</strong></span> <span class='ocrx_word' id='word_1_325' title='bbox 492 4078 579 4142; x_wconf 90' lang='lat' dir='ltr'><strong>etiam</strong></span> <span class='ocrx_word' id='word_1_326' title='bbox 594 4078 723 4160; x_wconf 85' lang='lat' dir='ltr'><strong>penitius</strong></span> <span class='ocrx_word' id='word_1_327' title='bbox 739 4077 795 4141; x_wconf 91' lang='lat' dir='ltr'><strong>sibi</strong></span> <span class='ocrx_word' id='word_1_328' title='bbox 811 4078 928 4159; x_wconf 88' lang='lat' dir='ltr'><strong>copulat</strong></span> <span class='ocrx_word' id='word_1_329' title='bbox 943 4098 978 4140; x_wconf 92' lang='lat' dir='ltr'><strong>ac</strong></span> <span class='ocrx_word' id='word_1_330' title='bbox 993 4087 1086 4140; x_wconf 91' lang='lat' dir='ltr'><strong>totam</strong></span> <span class='ocrx_word' id='word_1_331' title='bbox 1096 4078 1188 4166; x_wconf 50' lang='lat' dir='ltr'><strong>¹plane</strong></span> <span class='ocrx_word' id='word_1_332' title='bbox 1204 4076 1264 4139; x_wconf 90' lang='lat' dir='ltr'><strong>im·</strong></span> 
     </span>
     <span class='ocr_line' id='line_1_34' title="bbox 94 4179 1265 4265; baseline -0.004 -18"><span class='ocrx_word' id='word_1_333' title='bbox 94 4184 176 4260; x_wconf 86' lang='lat' dir='ltr'><strong>bibit,</strong></span> <span class='ocrx_word' id='word_1_334' title='bbox 192 4203 251 4265; x_wconf 88' lang='lat' dir='ltr'><strong>quo</strong></span> <span class='ocrx_word' id='word_1_335' title='bbox 268 4184 343 4244; x_wconf 88' lang='lat' dir='ltr'><strong>lacto</strong></span> <span class='ocrx_word' id='word_1_336' title='bbox 359 4181 529 4257; x_wconf 85' lang='lat' dir='ltr'><strong>blinerram,</strong></span> <span class='ocrx_word' id='word_1_337' title='bbox 544 4191 691 4244; x_wconf 89' lang='lat' dir='ltr'><strong>maternae</strong></span> <span class='ocrx_word' id='word_1_338' title='bbox 701 4189 896 4262; x_wconf 87' lang='lat' dir='ltr'><strong>paternaeque</strong></span> <span class='ocrx_word' id='word_1_339' title='bbox 907 4180 1080 4264; x_wconf 89' lang='lat' dir='ltr'><strong>prudentiae</strong></span> <span class='ocrx_word' id='word_1_340' title='bbox 1091 4179 1265 4262; x_wconf 86' lang='lat' dir='ltr'><strong>participem</strong></span> 
     </span>
     <span class='ocr_line' id='line_1_35' title="bbox 95 4283 1266 4367; baseline -0.004 -18"><span class='ocrx_word' id='word_1_341' title='bbox 95 4306 129 4349; x_wconf 93' lang='lat' dir='ltr'><strong>ac</strong></span> <span class='ocrx_word' id='word_1_342' title='bbox 143 4285 324 4361; x_wconf 90' lang='lat' dir='ltr'><strong>ministram,</strong></span> <span class='ocrx_word' id='word_1_343' title='bbox 344 4283 380 4346; x_wconf 92' lang='lat' dir='ltr'><strong>de</strong></span> <span class='ocrx_word' id='word_1_344' title='bbox 395 4303 451 4349; x_wconf 93' lang='lat' dir='ltr'><strong>suo</strong></span> <span class='ocrx_word' id='word_1_345' title='bbox 467 4285 532 4367; x_wconf 91' lang='lat' dir='ltr'><strong>ipse</strong></span> <span class='ocrx_word' id='word_1_346' title='bbox 547 4284 640 4367; x_wconf 89' lang='lat' dir='ltr'><strong>capite</strong></span> <span class='ocrx_word' id='word_1_347' title='bbox 654 4293 799 4366; x_wconf 85' lang='lat' dir='ltr'><strong>procreet</strong></span> <span class='ocrx_word' id='word_1_348' title='bbox 829 4284 967 4348; x_wconf 84' lang='lat' dir='ltr'><strong>Proxima</strong></span> <span class='ocrx_word' id='word_1_349' title='bbox 983 4283 1131 4348; x_wconf 80' lang='lat' dir='ltr'><strong>Themis</strong></span> <span class='ocrx_word' id='word_1_350' title='bbox 1145 4285 1266 4360; x_wconf 69' lang='lat' dir='ltr'><strong>ectr),</strong></span> 
     </span>
    </p>
   </div>
   <div class='ocr_carea' id='block_1_2' title="bbox 97 4392 1267 4667">
    <p class='ocr_par' dir='ltr' id='par_1_2' title="bbox 97 4392 1267 4667">
     <span class='ocr_line' id='line_1_36' title="bbox 164 4392 1263 4495; baseline -0.008 -15"><span class='ocrx_word' id='word_1_351' title='bbox 164 4428 207 4495; x_wconf 84' lang='lat'><strong>68)</strong></span> <span class='ocrx_word' id='word_1_352' title='bbox 223 4392 368 4480; x_wconf 70' lang='lat' dir='ltr'><strong>APiodere</strong></span> <span class='ocrx_word' id='word_1_353' title='bbox 375 4426 438 4477; x_wconf 80' lang='lat' dir='ltr'><strong>bene</strong></span> <span class='ocrx_word' id='word_1_354' title='bbox 450 4423 551 4494; x_wconf 76' lang='lat' dir='ltr'><strong>primunr</strong></span> <span class='ocrx_word' id='word_1_355' title='bbox 564 4422 632 4477; x_wconf 84' lang='lat' dir='ltr'><strong>lovis</strong></span> <span class='ocrx_word' id='word_1_356' title='bbox 644 4439 750 4475; x_wconf 82' lang='lat' dir='ltr'><strong>uxorem</strong></span> <span class='ocrx_word' id='word_1_357' title='bbox 762 4423 871 4477; x_wconf 79' lang='lat' dir='ltr'><strong>brbitrn</strong></span> <span class='ocrx_word' id='word_1_358' title='bbox 885 4439 943 4477; x_wconf 84' lang='lat' dir='ltr'><strong>erre</strong></span> <span class='ocrx_word' id='word_1_359' title='bbox 956 4440 989 4477; x_wconf 78' lang='lat' dir='ltr'><strong>ea</strong></span> <span class='ocrx_word' id='word_1_360' title='bbox 1003 4425 1089 4494; x_wconf 68' lang='lat' dir='ltr'><strong>brun.</strong></span> <span class='ocrx_word' id='word_1_361' title='bbox 1102 4422 1134 4475; x_wconf 85' lang='lat' dir='ltr'><strong>l&#39;r.</strong></span> <span class='ocrx_word' id='word_1_362' title='bbox 1148 4421 1163 4473; x_wconf 82' lang='lat'>2</span> <span class='ocrx_word' id='word_1_363' title='bbox 1177 4437 1201 4491; x_wconf 78' lang='lat' dir='ltr'><strong>p.</strong></span> <span class='ocrx_word' id='word_1_364' title='bbox 1214 4419 1263 4472; x_wconf 69' lang='lat' dir='ltr'><strong>bdl</strong></span> 
     </span>
     <span class='ocr_line' id='line_1_37' title="bbox 97 4506 1267 4578; baseline -0.009 -11"><span class='ocrx_word' id='word_1_365' title='bbox 97 4515 203 4568; x_wconf 82' lang='lat' dir='ltr'><strong>boeclb</strong></span> <span class='ocrx_word' id='word_1_366' title='bbox 221 4514 324 4567; x_wconf 82' lang='lat' dir='ltr'><strong>coniicit</strong></span> <span class='ocrx_word' id='word_1_367' title='bbox 338 4514 433 4566; x_wconf 76' lang='lat' dir='ltr'><strong>crem</strong></span> <span class='ocrx_word' id='word_1_368' title='bbox 450 4512 475 4563; x_wconf 81' lang='lat' dir='ltr'><strong>ln</strong></span> <span class='ocrx_word' id='word_1_369' title='bbox 493 4511 580 4564; x_wconf 81' lang='lat' dir='ltr'><strong>biorn.</strong></span> <span class='ocrx_word' id='word_1_370' title='bbox 595 4508 691 4576; x_wconf 76' lang='lat' dir='ltr'><strong>antiqu.</strong></span> <span class='ocrx_word' id='word_1_371' title='bbox 712 4508 777 4561; x_wconf 73' lang='lat' dir='ltr'><strong>lSld</strong></span> <span class='ocrx_word' id='word_1_372' title='bbox 795 4524 820 4578; x_wconf 81' lang='lat' dir='ltr'><strong>p.</strong></span> <span class='ocrx_word' id='word_1_373' title='bbox 836 4509 896 4562; x_wconf 74' lang='lat' dir='ltr'><strong>toa.</strong></span> <span class='ocrx_word' id='word_1_374' title='bbox 926 4509 977 4562; x_wconf 86' lang='lat' dir='ltr'><strong>Sed</strong></span> <span class='ocrx_word' id='word_1_375' title='bbox 997 4508 1175 4578; x_wconf 76' lang='lat' dir='ltr'><strong>interpretatio</strong></span> <span class='ocrx_word' id='word_1_376' title='bbox 1197 4506 1267 4559; x_wconf 80' lang='lat' dir='ltr'><strong>itlius</strong></span> 
     </span>
     <span class='ocr_line' id='line_1_38' title="bbox 97 4600 511 4667; baseline -0.014 -13"><span class='ocrx_word' id='word_1_377' title='bbox 97 4601 232 4667; x_wconf 68' lang='lat' dir='ltr'><strong>fragmenti</strong></span> <span class='ocrx_word' id='word_1_378' title='bbox 243 4617 293 4653; x_wconf 84' lang='lat' dir='ltr'><strong>aon</strong></span> <span class='ocrx_word' id='word_1_379' title='bbox 306 4600 370 4653; x_wconf 83' lang='lat' dir='ltr'><strong>satis</strong></span> <span class='ocrx_word' id='word_1_380' title='bbox 379 4605 451 4651; x_wconf 78' lang='lat' dir='ltr'><strong>certe</strong></span> <span class='ocrx_word' id='word_1_381' title='bbox 463 4603 511 4649; x_wconf 72' lang='lat' dir='ltr'><strong>ert</strong></span> 
     </span>
    </p>
   </div>
   <div class='ocr_carea' id='block_1_3' title="bbox 139 4676 1064 4750">
    <p class='ocr_par' dir='ltr' id='par_1_3' title="bbox 139 4676 1064 4750">
     <span class='ocr_line' id='line_1_39' title="bbox 139 4676 1064 4750; baseline -0.003 0"><span class='ocrx_word' id='word_1_382' title='bbox 139 4686 175 4750; x_wconf 86' lang='lat' dir='ltr'><strong>ll.</strong></span> <span class='ocrx_word' id='word_1_383' title='bbox 1042 4676 1064 4747; x_wconf 79' lang='lat' dir='ltr'><strong>d</strong></span> 
     </span>
    </p>
   </div>
   <div class='ocr_carea' id='block_1_4' title="bbox 0 0 1503 4808">
    <p class='ocr_par' dir='ltr' id='par_1_4' title="bbox 0 0 1503 4808">
     <span class='ocr_line' id='line_1_40' title="bbox 0 0 1503 4808; baseline 0 0"><span class='ocrx_word' id='word_1_384' title='bbox 0 0 1503 4808; x_wconf 95' lang='lat' dir='ltr'><strong> </strong></span> 
     </span>
    </p>
   </div>
  </div>
 </body>
</html>
