2962 4808
743 315 763 380 8

173 511 304 585 danitae,
318 508 402 591 quale
413 526 448 570 ex
460 505 522 571 aliis
534 524 596 569 non
608 507 710 590 paucis
722 508 855 591 reliquiis
867 505 1065 589 cognoscitur,
1077 509 1188 573 relerre
1198 508 1339 572 rideatur.

174 616 360 692 Quamquam
382 608 413 672 in
429 609 600 672 buiusmodi
615 628 648 673 rc
662 611 800 692 equidem
815 610 887 673 nibil
903 612 1051 674 assirmare
1065 610 1175 674 ausim:
1196 620 1225 674 et
1245 613 1342 692 potuit

173 715 261 780 etiam
276 715 334 776 boc
347 712 424 785 lieri,
443 721 477 774 ut
491 711 617 775 fabulam
633 733 649 775 a
663 713 785 778 llusaeo
801 713 937 776 traditam
952 712 1088 776 Mnaseas
1099 722 1252 794 repeteret.
1284 715 1340 777 Ce-

174 829 269 881 terum
284 815 410 878 sabulone
423 814 500 877 lianc
511 815 548 876 dc
559 814 727 878 Pleiadibus
740 835 835 898 neque
847 816 995 878 Homerus
1009 816 1230 898 nequellesiodi
1242 816 1341 880 Thoo-

174 919 262 1003 gonia
285 928 442 994 memorat,
466 918 599 1000 quamuis
619 920 770 984 Pleiadum
797 919 882 982 sidus
906 918 1060 1000 aliquoties
1079 920 1158 1001 apud
1184 928 1343 1002 utrumque

174 1031 291 1106 poetam
307 1021 492 1085 nonainetur:
513 1022 544 1084 in
560 1021 710 1105 Operibus
725 1033 823 1088 autem
838 1021 971 1085 Pleiades
981 1011 1187 1104 Ἀτλαγενέες
1199 1034 1343 1087 uocantur

175 1125 251 1201 353,
270 1125 570 1209 racemorabanturquo
586 1138 700 1210 septem
716 1145 855 1190 sororum
870 1126 994 1190 nomina
1009 1128 1139 1191 sortasse
1154 1127 1184 1192 in
1201 1137 1342 1194 astrono-

175 1229 253 1293 mico
272 1229 401 1291 carmine
427 1231 464 1291 ad
484 1229 649 1293 Hesiodum
669 1231 771 1294 referri
793 1229 898 1302 solito,
919 1231 999 1294 unde
1022 1249 1086 1293 non
1112 1230 1344 1312 improbabiliter

174 1331 451 1400 blarcksclnllelius.
464 1332 532 1395 Hes.
545 1333 680 1415 traguam.
692 1355 722 1418 p.
736 1335 808 1410 352,
823 1343 883 1397 tres
896 1353 998 1397 tersus
1010 1353 1080 1397 esse
1091 1333 1211 1397 coniicit
1222 1354 1238 1396 a
1250 1335 1344 1399 sclaol.

176 1435 261 1499 Pind.
273 1433 358 1498 Nem.
370 1434 404 1509 H,
423 1436 461 1498 lli
476 1435 653 1519 descriptos.

261 1540 304 1601 He
319 1538 473 1602 Titanibus
497 1540 649 1604 allusaco
664 1551 817 1606 narratum
835 1541 928 1604 luisse
940 1540 1139 1604 certissimum
1151 1549 1212 1616 est,
1232 1538 1346 1604 tereba-

178 1652 283 1723 turque
296 1641 359 1703 cius
371 1641 458 1704 etiam
470 1643 693 1707 Titanonrarbia
716 1644 776 1724 (sic
791 1645 871 1707 euim
891 1663 947 1725 pro
964 1642 1250 1724 Titanograplria
1268 1642 1347 1724 apud

179 1744 424 1824 Srlrol.dpollon.
441 1744 496 1807 Hb.
509 1745 563 1819 ΙΙΙ,
582 1745 663 1808 1178
684 1748 839 1828 legendum
861 1766 927 1809 esse
943 1744 1040 1826 ‹prids
1057 1763 1125 1807 cum
1145 1743 1287 1807 Passerio
1310 1746 1347 1807 ad

177 1848 287 1912 Husao.
297 1846 554 1928 pdSconsentict)
562 1848 656 1911 tribus
666 1849 821 1912 minimum
827 1847 909 1910 libris
920 1855 1072 1922 constans,
1083 1846 1349 1910 undeasclroliasta

178 1950 227 2013 illo
243 1950 317 2013 baec
336 1951 515 2013 referuntur:
542 1943 577 2013 ἐν
597 1947 645 2034 aqi
666 1945 768 2036 τρίτῳ
789 1946 848 2036 τῆς
870 1942 1052 2013 Μουσαίου
1079 1942 1349 2035 Τιτανογραιγίας

178 2046 321 2135 λέγεται,
336 2045 382 2128 ὡς
397 2047 536 2134 Κάδμος
549 2046 585 2116 ἐκ
606 2049 666 2116 τοῦ
682 2048 853 2139 Δελφικοῦ
868 2046 1047 2137 ἐπορεύετο
1066 2045 1349 2137 προκαθηγουμέ-

179 2176 237 2241 apg
258 2146 349 2240 αι’τῷ
369 2150 430 2240 τῆς
450 2149 541 2236 βοός.
578 2158 642 2230 Qua
662 2156 777 2219 rationo
796 2156 870 2217 lracc
889 2155 926 2216 de
946 2154 1057 2217 Catlmo
1077 2153 1207 2216 narratio
1224 2153 1348 2215 Titano·
1455 2206 1456 2209 ,

182 2260 315 2323 uracbiae
329 2267 466 2322 contenta
482 2258 584 2332 luerit,
605 2258 673 2321 sciri
689 2278 750 2322 mm
766 2267 878 2341 potest,
898 2276 954 2321 nec
968 2257 1049 2319 lubet
1063 2255 1210 2318 hariolari.
1240 2256 1282 2318 Ex
1297 2276 1350 2318 eo·

183 2364 248 2427 deur
265 2362 343 2426 lraud
359 2361 447 2425 dubie
463 2361 593 2424 carmine
608 2363 711 2425 hausta
727 2370 810 2436 sunt,
826 2381 901 2443 quac
916 2360 1084 2424 Lactantius
1097 2369 1258 2433 memorat,
1279 2360 1351 2424 lnst.

184 2467 241 2530 din
256 2466 279 2540 Ι,
294 2467 351 2530 tt:
382 2466 501 2542 „Huius
519 2467 646 2551 mpeHae
668 2467 871 2546 (drraalllrene)
891 2464 973 2528 corio
994 2482 1082 2527 usum
1102 2482 1169 2526 esso
1187 2483 1243 2545 pro
1268 2474 1352 2527 scuto

185 2571 281 2634 lovem
294 2581 397 2634 contra
411 2571 531 2636 Titanas
545 2569 733 2635 dimicantem
746 2570 884 2635 Musaeus
896 2578 999 2633 auctor
1010 2573 1083 2631 est.“
1111 2569 1219 2631 Contra
1230 2583 1304 2650 quac
1317 2569 1353 2631 do

188 2675 383 2739 nutricatione
407 2675 485 2739 loris
505 2676 584 2758 apud
605 2675 787 2739 Amaltheam
813 2674 844 2738 in
865 2671 1080 2758 ¹catasterismis
1101 2671 1353 2735 Pseudo-Erato-

189 2777 442 2843 stlrenicisc.13
469 2779 618 2858 lequuntur:
663 2778 843 2856 Μουσαῖος
870 2773 932 2863 γάρ
955 2794 1039 2864 φησι
1063 2768 1134 2840 Δία
1160 2769 1355 2858 γεννώμενον

191 2873 380 2964 [poderam]
405 2872 654 2966 ἐγχειρισθῆναι
677 2873 745 2944 ὑπὸ
757 2872 850 2958 Ῥέας
867 2874 1001 2964 Θέμιδι,
1027 2872 1159 2961 &lierda
1182 2869 1355 2958 δὲἈμαλ-

186 2976 271 3072 θείᾳ
293 2978 409 3047 δοῦναι
429 2979 469 3045 cri
489 2976 627 3069 βρέφος,
648 2980 707 3071 τήν
729 2981 781 3064 δέ,
804 2977 943 3065 ἔχουσαν
965 2971 1057 3068 αἶγα,
1081 2975 1272 3059 ὑποθεῖναι,
1294 2977 1353 3066 τήν

190 3083 228 3152 δὲ
254 3081 426 3172 ἐκθρέψαι.
454 3081 539 3153 Ala:
572 3107 700 3171 quorum
720 3092 836 3171 gemina
856 3092 946 3154 refert
966 3088 1111 3171 interpres
1131 3089 1168 3151 ad
1189 3083 1355 3149 Germanici

188 3196 293 3256 arana
308 3212 338 3274 p.
351 3190 392 3254 53
404 3190 498 3267 notit,
512 3193 640 3254 onmem
656 3193 808 3256 Musaeum
824 3204 976 3258 auctorem
992 3192 1100 3255 citans:
1121 3192 1191 3254 bace
1207 3209 1241 3252 er
1256 3188 1356 3250 Tlico·

189 3295 278 3377 gonia
291 3316 359 3359 esse
369 3297 559 3359 statuendum
571 3305 626 3370 est,
642 3298 894 3379 quomadmodum
907 3298 993 3360 etiam
1010 3296 1039 3359 in
1052 3295 1172 3359 Hesiodi
1184 3290 1357 3372 Tlaeogonia

191 3398 227 3460 de
242 3398 288 3461 illa
302 3398 379 3461 loris
394 3398 591 3463 nutricationo
605 3409 748 3464 narratur.
784 3402 969 3483 Quamquam
985 3400 1063 3482 apud
1080 3397 1243 3460 Hesiodum
1259 3395 1355 3457 iulans

191 3503 302 3566 alliroa
322 3521 383 3566 non
402 3502 555 3578 tuemur,
575 3503 627 3566 sed
646 3504 755 3568 Telluri
776 3506 913 3579 traditur,
933 3523 1029 3585 nequo
1048 3501 1216 3565 Amaltheae
1235 3497 1357 3577 eiusque

192 3607 317 3689 capellae
331 3606 443 3671 mentio
459 3610 500 3672 lit.
530 3606 665 3672 Celerum
682 3627 774 3691 quum
791 3608 850 3672 sint
864 3607 915 3690 qui
927 3605 1100 3671 Tlremidem
1117 3601 1269 3666 subtdiore
1283 3618 1357 3682 qua-

195 3712 264 3774 dam
283 3711 396 3776 ratione
414 3715 538 3777 candem
559 3723 647 3796 atquc
661 3714 809 3778 Tellurem
825 3734 891 3776 osse
905 3711 1009 3786 retine,
1028 3709 1057 3773 bi
1078 3726 1140 3771 non
1164 3704 1265 3770 dubito
1285 3703 1358 3785 quin

194 3815 349 3897 utriusque
363 3827 469 3898 poetae
483 3818 681 3882 narrationem
696 3819 802 3883 eodem
818 3817 915 3880 redire
930 3819 1092 3880 autument
1123 3808 1210 3891 Atqui
1225 3806 1356 3870 Hesiodo

196 3926 275 3983 corte
289 3920 343 3983 bas
357 3921 428 3985 deas
443 3923 573 3987 diversas
587 3923 665 3987 risos
681 3943 749 3986 esse
764 3921 955 3985 manifestum
970 3926 1030 3982 ost:
1050 3915 1170 3980 alteram
1190 3911 1269 3976 enim
1285 3911 1357 3974 alte-

196 4023 258 4088 rius
274 4023 360 4088 liliam
375 4026 457 4089 lacit:
471 4026 622 4092 Musaeum
637 4037 734 4092 autem
747 4026 830 4091 aliter
840 4024 979 4089 statuisse
990 4022 1046 4086 ista
1057 4028 1134 4084 certe
1144 4014 1272 4082 narratio
1285 4032 1358 4096 pro·

196 4129 268 4192 bare
283 4128 468 4193 nullomodo
484 4139 591 4212 potest.
611 4158 613 4161 ·
1187 4201 1191 4211 ,

283 4231 324 4295 ue
340 4231 416 4294 loris
435 4233 546 4314 nuptiis
560 4233 605 4296 rel
620 4233 772 4299 amoribus
787 4254 822 4299 ex
837 4232 947 4298 Husaei
963 4227 1134 4312 Theogonia
1155 4227 1230 4291 duae
1245 4222 1359 4288 labulae

199 4345 483 4412 commemorantur,
501 4336 590 4402 ultera
609 4341 687 4421 apud
708 4338 801 4404 schol.
821 4336 958 4422 dpoHon
974 4334 1025 4411 ttt,
1049 4331 1145 4397 1039:
1179 4327 1359 4407 Μουσαῖος
