2962 4808
671 276 727 340 101

602 362 680 371 ι.--

120 441 307 526 versarentur
320 462 376 544 legi
391 472 477 545 atque
492 463 603 542 ordini,
617 477 648 531 et
662 439 842 548 quocunque
854 466 897 528 ris
912 483 1016 528 eorum
1031 475 1206 547 penetraret
1219 465 1284 530 dis·

121 565 273 628 turbarent
287 565 400 641 omnia,
420 576 581 631 everterent
600 580 629 632 et
640 569 874 651 pessumdarent.
904 568 1003 648 ltaque
1018 568 1189 632 removendi
1200 580 1286 634 erant

119 686 135 728 a
150 668 299 731 nascentis
314 669 417 732 mundi
432 669 615 751 primordiis,
631 690 668 734 ne
683 675 815 735 loturum
831 690 930 734 rerum
946 670 1081 734 ordinem
1096 671 1283 754 impedirent,

122 787 216 851 neque
231 771 314 852 prius
334 773 462 835 revocari
482 773 512 835 in
532 773 627 837 lucem
645 784 794 857 poterant,
812 794 901 856 aptam
917 773 1013 837 maior
1028 775 1170 856 quaedam
1185 775 1231 839 ris
1248 795 1285 840 ac

120 872 261 955 sapientia
277 883 340 937 orta
355 884 447 950 esset,
466 894 541 956 quae
556 877 602 938 his
617 898 735 960 optoque
754 877 914 948 moderari,
935 876 1069 956 viresque
1087 896 1192 940 eorum
1207 897 1282 941 con·

17 977 24 991 ‘
118 975 184 1039 silio
200 995 300 1056 regere
314 986 431 1056 posset:
446 994 503 1058 qua
518 977 544 1039 ri
559 997 593 1041 ac
607 979 750 1059 sapientia
765 979 862 1041 nullus
879 977 933 1040 luit
947 987 1014 1039 ante
1029 978 1136 1040 locent.

205 1079 245 1142 De
260 1077 379 1160 reliquis
387 1077 465 1140 Coeli
480 1097 515 1141 ae
525 1079 632 1144 Terrae
646 1081 755 1155 liberis,
770 1082 820 1161 qui
835 1098 896 1143 uno
909 1079 1030 1142 nomine
1041 1080 1162 1143 Titanes
1176 1082 1280 1164 appel·

118 1182 228 1257 lantur,
248 1200 308 1262 quo
323 1181 431 1246 rectius
447 1182 575 1244 namatio
592 1184 765 1263 theogoniae
780 1192 899 1246 nostrae
918 1183 1065 1245 aestimari
1084 1182 1194 1265 possit,
1212 1195 1280 1248 ante

118 1286 217 1348 omnia
239 1295 342 1348 natura
361 1303 464 1348 eorum
484 1295 514 1347 et
528 1285 704 1367 signillcotio
719 1286 925 1365 cognoscenda
939 1285 1002 1347 erit
1032 1284 1090 1347 Sed
1106 1285 1191 1350 haloel
1207 1287 1280 1351 haec
1329 1301 1331 1304 ’

117 1409 164 1453 res
179 1407 314 1471 magnam
336 1387 547 1462 dillicultatcm,
564 1389 803 1470 quandoquidem
823 1388 896 1452 nihil
912 1389 948 1451 de
963 1387 998 1449 iis
1014 1388 1171 1469 theogonia
1185 1409 1279 1473 expo·

116 1495 168 1568 nit,
184 1495 304 1558 nomina
321 1493 525 1556 tantummodo
540 1502 570 1556 et
580 1492 728 1555 connubia
740 1491 932 1574 subolemque
942 1490 1131 1575 paucissimis
1146 1494 1278 1574 plerum·

115 1618 172 1680 que
192 1597 287 1660 verbis
311 1614 559 1659 commemorans.
594 1597 630 1657 lit
648 1596 803 1659 nominum
827 1596 946 1676 quidem
970 1595 1057 1674 longe
1081 1595 1278 1676 plurimorum

116 1700 317 1781 interpretatio
340 1698 426 1763 dubia
446 1707 476 1761 et
495 1698 605 1761 incerta
624 1710 683 1760 est:
709 1698 804 1780 paullo
829 1698 896 1779 plus
922 1696 994 1759 lucis
1013 1699 1118 1760 allecte
1137 1708 1280 1780 poterunt

116 1801 262 1864 connubia
278 1802 430 1882 liberique:
450 1819 519 1863 nam
535 1799 645 1880 siquid
661 1800 697 1861 de
713 1800 819 1861 horum
835 1809 939 1861 natura
953 1807 1005 1861 aut
1019 1808 1099 1862 certo
1114 1803 1281 1866 constiterit

116 1914 166 1968 aut
185 1903 372 1986 probabiliter
387 1903 475 1965 statui
486 1902 629 1984 potuerit,
648 1901 718 1963 hinc
733 1901 769 1963 dc
783 1910 939 1982 parentum
954 1921 1072 1984 qnoque
1085 1912 1190 1966 natura
1204 1923 1279 1968 con·

40 2085 41 2088 Ἴ
118 2009 257 2072 lecturam
278 2009 369 2069 lacere
389 2006 495 2070 licebit.
530 2004 731 2081 Quamobrem
752 2005 845 2066 miror
864 2005 941 2067 hanc
959 2004 1035 2067 viam
1055 2005 1093 2068 ab
1108 2005 1280 2072 Hermanno

116 2121 244 2194 sprctam
260 2132 340 2184 esse,
354 2110 404 2192 qui
420 2128 511 2191 quum
527 2110 563 2171 ed
580 2096 778 2191 explicandam
795 2109 871 2171 hanc
885 2108 1062 2189 theogoniae
1076 2119 1191 2191 partem
1205 2112 1278 2176 nihil

114 2216 275 2277 admodum
290 2213 348 2275 nisi
362 2212 505 2275 rationem
522 2212 668 2292 quandam
684 2209 849 2291 physicam,
868 2209 924 2291 ipsi
940 2210 1108 2292 probatam,
1127 2223 1158 2275 et
1176 2215 1277 2278 nomi·

114 2336 185 2379 num
201 2315 422 2397 explicationem
437 2313 507 2376 huic
518 2312 624 2375 rationi
635 2312 901 2386 accommodatam,
917 2331 1024 2393 magna
1039 2332 1107 2376 cum
1122 2317 1276 2384 eonnden.

114 2419 151 2483 tia
164 2428 193 2482 et
203 2417 418 2482 contrariorum
432 2416 517 2479 ctiam
530 2415 709 2496 antiquitatis
721 2415 957 2479 testimoniorum
969 2425 1142 2499 contemptu
1151 2422 1277 2496 allerret,

33 2514 35 2519 ’
113 2521 383 2603 interpretationem
396 2519 553 2602 preposuit
563 2537 667 2582 noram
680 2519 766 2599 plane
779 2537 814 2581 ac
827 2537 921 2593 suam,
936 2539 1010 2600 quae
1025 2530 1207 2604 quantopere
1217 2524 1276 2607 ipsi

112 2624 265 2709 placuerit,
285 2624 355 2688 hinc
376 2624 447 2687 satis
467 2632 602 2705 apparot,
622 2622 701 2703 quod
721 2622 777 2684 hac
797 2622 923 2697 ratione,
943 2623 999 2697 rol,
1019 2634 1052 2685 ut
1071 2622 1166 2704 ipsius
1185 2628 1275 2691 verbo

112 2737 185 2803 utar,
200 2730 255 2790 hae
270 2728 392 2801 theoria,
408 2746 494 2809 quam
510 2725 664 2807 theogonia
679 2726 791 2799 relocat,
807 2724 851 2788 illa
864 2725 975 2789 sedicet
989 2727 1118 2791 adhibita
1129 2728 1275 2812 interpre-

114 2833 231 2905 tatione,
247 2830 318 2894 nihil
333 2839 455 2912 propter
469 2828 642 2911 sapientiam
658 2827 881 2907 cogitationum,
900 2838 999 2909 aptam
1019 2831 1146 2913 partium
1161 2850 1274 2897 conne-

111 2935 227 2998 xionem
244 2943 414 3014 rectumque
429 2932 562 2995 ordinem
578 2928 777 2994 admirabilius
797 2930 997 3010 antiquitatem
1014 2933 1173 3013 prendisse
1187 2955 1274 3018 prae·

109 3039 188 3125 dicat
200 3045 207 3085 ¹
220 3025 258 3117 ³¹).
289 3038 381 3100 Tanta
396 3035 473 3118 apud
489 3055 537 3097 me
556 3044 602 3098 est
616 3033 776 3096 llermanni
792 3033 963 3109 alletoritas,
983 3047 1089 3118 (quanta
1109 3058 1176 3103 esso
1194 3042 1273 3125 apud

109 3160 214 3205 omnes
235 3142 322 3204 debet
340 3157 402 3202 non
422 3139 508 3222 polone
531 3138 560 3201 in
581 3138 640 3201 hoc
658 3146 762 3200 nostro
777 3137 938 3201 litterarum
955 3158 1060 3221 genere
1075 3142 1224 3226 hospites,
1240 3156 1275 3210 ut

109 3247 192 3309 nolas
209 3264 276 3307 esse
292 3253 407 3326 putem,
427 3243 571 3306 diversam
592 3242 627 3304 ah
647 3261 683 3303 eo
703 3243 877 3305 sententiam
897 3262 1080 3325 proponere,
1100 3248 1159 3311 nisi
1179 3250 1273 3332 prius,

107 3367 161 3413 cur
175 3348 210 3411 iis
225 3366 299 3430 quae
315 3345 371 3429 ipsi
384 3346 554 3428 placuerunt
568 3344 711 3427 acquiesci
724 3364 784 3408 non
798 3365 888 3428 posse
903 3346 1041 3423 iudicem,
1056 3351 1272 3434 explicaverim.

192 3452 245 3516 Est
259 3451 347 3534 igitur
360 3450 425 3514 eius
436 3450 566 3513 theoriae
579 3468 704 3522 summa,
720 3459 863 3531 quantum
878 3451 996 3531 quidem
1009 3454 1045 3517 ad
1057 3456 1136 3520 Coeli
1147 3456 1271 3522 Terrae·
1292 3477 1326 3530 ιι

63 3548 65 3553 ’
107 3576 164 3639 que
176 3555 286 3619 liberos
297 3554 409 3630 attinet,
424 3555 495 3617 haec
506 3556 565 3616 lere
577 3560 584 3598 ¹
597 3556 642 3631 ο);
672 3551 774 3617 Primo
789 3552 844 3616 luit
854 3573 960 3636 magna
971 3557 1016 3620 ris
1027 3578 1182 3640 aquarum,
1196 3582 1271 3644 quae

106 3661 216 3744 ingenti
241 3659 353 3743 impetu
380 3659 472 3721 effusa
503 3656 674 3720 universum
703 3655 805 3719 orbem
831 3666 976 3723 terrarum
1002 3660 1155 3727 inundarit
1182 3673 1271 3748 atque

121 3855 237 3864 ...η-,-
251 3855 283 3861 ----
301 3854 329 3862 ..
347 3854 404 3865 ..—

118 3994 122 4000 .
176 3955 215 4019 15)
229 3954 311 4007 Briele
328 3955 392 4007 iiber
404 3953 496 4005 llorner
507 3952 556 4003 uad
569 3950 662 4003 llesiod
675 3967 723 4002 uon
738 3951 769 4004 G.
783 3951 907 4004 llermann
926 3956 975 4006 und
987 3955 1032 4008 Fr.
1045 3955 1172 4024 Cnuzcr,
1189 3976 1214 4028 p.
1227 3959 1272 4014 ro:
1300 3995 1303 4002 ,

104 4070 137 4082 -
150 4043 219 4110 „ruit
230 4059 259 4095 ιο
271 4041 322 4094 viel
336 4041 430 4093 weiser
442 4038 631 4104 lleherlegung,
648 4038 673 4090 ie
690 4038 770 4090 einen
787 4055 817 4091 ιι
829 4049 1017 4110 consequenter
1029 4041 1271 4115 Zuummenhaage,

104 4129 129 4181 in
143 4146 172 4182 ao
184 4129 305 4195 richtiger
314 4128 442 4192 Ordoung,
454 4126 513 4178 dass
526 4125 564 4176 ich
576 4124 616 4175 dle
626 4123 743 4188 Theoi-ie,
755 4125 796 4177 die
808 4126 854 4178 dec
862 4125 1008 4194 Theogonie
1019 4130 1066 4182 cles
1076 4130 1201 4185 llesiodus
1213 4150 1270 4188 ιιι

104 4212 208 4267 Grande
219 4214 290 4280 licgt,
302 4212 346 4277 liic
357 4214 402 4265 das
414 4210 719 4276 muuadcmswihaligste
732 4211 912 4265 hlcistcrstiicl
924 4215 970 4267 des
981 4215 1141 4271 Altcrthus
1152 4220 1249 4273 haltc.“

174 4299 214 4368 16)
228 4300 265 4353 llo
278 4285 355 4353 theol.
367 4298 412 4353 Gr.
424 4305 476 4351 ent.
488 4313 512 4367 p.
524 4294 572 4349 lli
585 4312 639 4366 sqq.
