2962 4808
687 338 744 400 141

501 519 540 586 τὸ
565 518 717 611 πρόσθεν
739 518 822 590 ὅθεν
843 519 934 608 γένος
954 517 1139 606 ἐξεγένοντο

302 620 442 709 θνητῶν,
466 616 502 688 o'i
522 623 607 690 κατὰ
629 629 725 711 γαῖαν
747 620 921 712 ἀπείριτον
942 619 1015 690 αἰὲν
1036 618 1138 690 ἴασιν.

135 728 176 789 lta
190 725 268 789 enim
284 736 361 788 recte
381 727 411 789 in
427 727 576 791 codicibus
591 731 705 810 legitur,
727 731 890 812 falliturque
906 747 1084 811 riraguopere
1099 731 1300 804 llermanuus,

137 849 229 911 tynum
255 849 293 892 rs
311 829 482 910 particulam
503 832 579 895 inter
604 828 643 895 cri
669 827 821 917 πρόσθεν
847 833 1032 895 inserendam
1052 843 1166 906 censet,
1186 835 1301 896 ratione

138 942 291 1014 permotus
306 932 468 1007 levissima,
488 935 567 1014 quod
589 934 661 997 haee
681 935 835 997 liorninmu
850 954 867 995 e
882 934 1053 1016 Gigantibus
1069 936 1152 1016 origo
1167 955 1300 1017 pugnare

137 1037 282 1100 rideretur
297 1056 364 1099 cum
380 1036 434 1112 illa,
449 1057 537 1120 quam
552 1038 781 1120 Olympiodorus
797 1057 831 1100 er
846 1038 966 1118 Orpheo
982 1049 1135 1114 rrrcrrrcrat,
1149 1062 1165 1101 e
1181 1039 1301 1119 iuligine

137 1140 361 1202 combustorum
377 1160 393 1202 a
408 1140 475 1202 lore
490 1140 637 1203 Titanum.
667 1139 740 1203 Nam
756 1139 786 1202 in
803 1148 880 1202 tanta
896 1141 1097 1222 Orphieurum
1113 1141 1302 1204 rrrultitudine

137 1254 167 1305 et
180 1242 375 1324 discrepantia
390 1259 451 1304 non
468 1261 538 1304 sane
558 1240 667 1304 nauum
684 1251 743 1320 est,
764 1241 850 1304 etiam
872 1242 926 1303 lrac
945 1242 980 1304 de
997 1243 1095 1305 realia
1110 1243 1146 1306 ab
1161 1242 1224 1306 aliis
1240 1255 1301 1306 tra·

137 1344 197 1407 diu
217 1361 295 1407 esse:
317 1353 346 1405 et
366 1342 392 1404 si
411 1342 556 1426 Byzantiis
575 1344 824 1424 chronographis,
843 1343 959 1406 llalelae
974 1345 1026 1417 ll',
1048 1346 1102 1417 31,
1122 1354 1152 1407 et
1166 1345 1301 1408 cedreno

140 1466 168 1528 p.
185 1445 240 1520 58,
260 1446 333 1507 ddes
353 1445 487 1508 habenda
507 1454 566 1521 est,
586 1447 704 1508 iucmnt
723 1445 752 1509 in
769 1446 905 1527 Orplricis
925 1446 1011 1509 etiam
1032 1447 1082 1527 qni
1102 1448 1187 1510 laetos
1206 1467 1224 1510 a
1244 1447 1301 1510 diis

140 1547 274 1611 homines
288 1548 380 1610 eluto
396 1546 540 1621 dicerent,
560 1557 591 1609 ut
605 1546 702 1609 ludaei
718 1546 755 1608 ab
771 1548 888 1621 lelium,
904 1548 1005 1610 Graeci
1020 1548 1161 1629 aliquota
1176 1549 1302 1612 Prome·

140 1652 218 1715 tlreo.
249 1650 448 1726 Quamobrem
461 1651 491 1713 in
506 1649 711 1730 Argonauticis
727 1649 797 1712 nillil
813 1649 911 1712 olrstat
925 1649 1084 1730 quominus
1104 1649 1194 1725 illane,
1214 1669 1304 1731 quam

140 1755 284 1828 diximus,
304 1754 478 1818 sententiam
495 1753 615 1836 Orplreo
630 1753 769 1816 tributam
784 1771 995 1834 agnoscamus,
1015 1752 1139 1834 ideoque
1160 1753 1242 1815 omni
1261 1753 1304 1816 le·

142 1855 249 1919 ctionis
273 1856 435 1919 mutatione
460 1855 667 1920 abstinendum
688 1865 743 1919 est.
773 1855 892 1919 Accedit
911 1864 1007 1917 autem
1027 1854 1113 1917 etiam
1134 1855 1206 1932 hee,
1225 1855 1306 1937 quod

142 1959 171 2021 in
187 1959 277 2022 altero
293 1957 432 2020 carminis
449 1958 515 2020 loeo
531 1967 601 2040 post
615 1978 697 2032 eum,
717 1978 806 2039 cyrrum
828 1977 918 2039 supra
938 1957 1166 2038 adscripsimus,
1185 1976 1306 2021 versum

143 2061 215 2134 43¹,
232 2061 405 2123 memoratis
421 2060 592 2140 Gigantibus
608 2059 706 2122 statim
722 2059 840 2140 adiungi
856 2060 991 2122 ridemus

88 2167 89 2171 ’
322 2154 513 2243 ἀνθρώπων
533 2153 771 2246 ὀλιγοδρανέων
792 2155 981 2224 πολυεθνὲα
1001 2153 1133 2246 pdrdqa,

145 2265 393 2347 quemadmodum
415 2264 444 2326 in
460 2264 633 2345 theogoniae
648 2264 809 2326 llesiodeac
824 2282 885 2326 uno
898 2263 1042 2344 prooemii
1058 2263 1201 2326 versiculo
1216 2265 1305 2346 quin·
1328 2280 1361 2332 to·

147 2366 318 2449 quagesima
334 2367 433 2429 Musae
451 2376 587 2429 currentes
603 2367 784 2430 inducuntur

293 2503 334 2514 -
357 2461 550 2551 ἀνθρώπων
570 2487 606 2530 rs
628 2461 721 2550 γένος
744 2464 908 2550 κρατερῶν
928 2487 964 2529 rs
986 2461 1154 2550 γιγάντων,

145 2570 175 2632 u.
190 2589 229 2645 e.,
247 2577 280 2631 ut
300 2569 440 2643 arbitror,
463 2568 601 2631 homines
626 2588 737 2650 eosque
762 2569 840 2631 unde
867 2569 1001 2631 lromines
1027 2578 1124 2632 ortum
1150 2571 1306 2635 duxeruut.

86 2708 88 2712 >
146 2671 220 2733 Nam
235 2689 309 2751 quae
324 2671 361 2733 ita
376 2679 613 2751 conrptlntlnlttl',
628 2691 662 2733 ea
676 2671 787 2744 licebit,
803 2672 860 2734 nisi
874 2671 990 2753 grauior
1004 2671 1077 2733 ratio
1093 2671 1198 2746 obstet,
1217 2673 1305 2736 etiam

147 2791 177 2834 re
196 2782 224 2834 et
243 2781 346 2833 natura
366 2791 419 2833 sire
440 2771 596 2834 eorriuncta
616 2791 683 2833 esse
702 2772 853 2852 suspicari.
870 2806 911 2818 ·-
934 2771 992 2833 iarn
1015 2772 1102 2851 igitur·
1116 2774 1174 2835 lme
1188 2793 1307 2856 quoque

146 2873 321 2954 intelligitur,
337 2874 416 2952 quod
433 2871 570 2952 Gigantes
585 2893 602 2935 e
618 2883 692 2935 terra
708 2873 764 2935 orti
780 2874 918 2936 dicuntur
930 2872 1008 2934 Cocli
1024 2873 1165 2953 sanguine.
1181 2875 1308 2956 irrigata,

147 2995 207 3039 nou
222 2976 304 3038 aliter
319 2974 569 3056 interpretandum
585 2995 666 3048 esse,
685 2984 771 3057 atque
786 2977 908 3038 candem
924 2976 1072 3038 lleliarum
1093 2976 1252 3056 originem,
1271 2979 1309 3041 de

148 3098 205 3158 qna
222 3096 311 3158 supra
328 3076 464 3139 diximus.
496 3077 662 3140 Poterimus
681 3089 778 3141 autem
794 3078 880 3141 ctiam
897 3078 1014 3159 longius
1029 3079 1221 3141 corriectando
1236 3100 1309 3161 pro·

147 3181 242 3260 gredi,
266 3178 464 3261 nymphisque
488 3178 542 3241 illis
568 3179 703 3261 Gigantes
730 3190 867 3262 tanquam
892 3182 971 3245 viros
997 3183 1151 3265 copulatos
1172 3183 1310 3264 cogitare.

149 3285 215 3347 Non
236 3293 313 3346 certe
333 3281 497 3345 absurdum
513 3284 570 3345 lroe
585 3283 685 3347 luerit:
707 3303 773 3347 rere
793 3295 890 3347 autern
909 3306 925 3347 a
942 3286 1086 3349 ueteribus
1108 3286 1145 3349 ita
1165 3286 1310 3351 creditum

149 3407 224 3464 esse,
239 3405 332 3468 quum
348 3394 437 3448 testes
452 3385 523 3447 nulli
539 3384 608 3460 sint,
625 3405 720 3469 neque
733 3389 880 3450 assirrrrare
895 3407 950 3451 nee
964 3407 1071 3468 negare
1087 3389 1194 3452 lieeldt

234 3490 389 3571 lleliquum
409 3498 466 3564 est,
485 3498 518 3552 ut
533 3489 656 3573 Erinyes
677 3490 907 3554 consideremus.
939 3490 997 3553 llae
1017 3491 1089 3572 quin
1108 3510 1170 3553 non
1190 3492 1261 3554 aliae
1280 3494 1312 3555 in

151 3590 306 3673 theogonia
320 3590 381 3654 sint
391 3600 478 3672 atque
492 3591 523 3652 in
534 3591 685 3654 communi
698 3592 831 3654 omnium
843 3593 1025 3655 Graecorum
1038 3594 1227 3676 mythologia,
1243 3595 1272 3658 lr.
1285 3617 1312 3658 e.

150 3698 220 3759 deae
234 3694 376 3759 scelerum
392 3692 521 3770 uluices,
536 3713 687 3778 uunquam
703 3695 844 3758 debuerat
857 3696 997 3759 dubitari:
1016 3714 1111 3776 neque
1126 3696 1252 3761 obscura
1268 3710 1314 3763 cst

150 3799 240 3873 ratio,
261 3816 315 3861 cur
328 3817 345 3859 e
360 3795 438 3859 Coeli
457 3797 599 3877 sanguine
618 3806 702 3860 natae
720 3797 865 3860 dieantur.
894 3797 1041 3883 dirrairum
1062 3799 1244 3880 signilicatur
1258 3802 1314 3865 hac

152 3902 260 3979 tabula,
284 3901 394 3965 sociere
417 3899 514 3982 primo
534 3901 629 3964 aldio
653 3911 756 3963 eontm
780 3913 891 3982 patrem
916 3901 1079 3966 commisso
1104 3902 1203 3967 statim
1224 3906 1313 3970 etiam

151 4025 262 4089 poenas
278 4003 396 4068 sceleris
411 4013 475 4067 orta
490 4023 569 4067 esse:
591 4003 731 4087 sanguine
750 4006 844 4066 eliuse
862 4003 979 4066 ultrices
999 4005 1152 4088 sanguinis
1172 4008 1315 4073 extitisse.

151 4109 210 4172 Sed
231 4108 380 4171 reundum
399 4115 444 4170 est
458 4115 556 4169 tamen
570 4106 646 4168 lianc
660 4123 762 4168 earum
778 4105 916 4168 hocloco
932 4109 1246 4175 commemorationem
1261 4112 1314 4176 ali·

152 4211 221 4294 quid
237 4209 410 4275 offensionis
430 4209 551 4282 hebere,
575 4217 605 4272 et
618 4227 760 4290 apparere
773 4208 859 4272 eliam
875 4209 933 4273 hae
945 4229 990 4286 re,
1010 4211 1039 4274 id
1059 4214 1139 4296 quod
1159 4213 1223 4278 eliis
1238 4234 1315 4296 quo-

152 4331 209 4396 que
223 4313 339 4378 indiciis
353 4311 472 4397 intelligi
487 4321 599 4397 potest,
619 4329 739 4375 omnem
758 4310 835 4377 hunc
849 4311 886 4377 de
900 4312 981 4378 Coeli
996 4316 1173 4382 minatione
1186 4316 1316 4382 laidem
