2962 4808
165 833 235 903 lios,
261 833 365 892 heetm
392 836 421 889 et
443 825 599 900 Perseum,
616 826 697 889 illum
725 824 885 899 Colchidis,
910 827 1032 888 alterum
1053 826 1193 890 'launcae
1217 841 1325 906 regem,

165 945 322 1012 utrumque
341 928 451 992 tonnae
472 948 588 990 rarorum
609 929 763 1010 insignem.
794 928 903 991 Perseo
924 948 958 991 en
975 927 1095 992 muliere
1109 928 1235 1010 quadam
1250 926 1325 990 illius

166 1036 293 1120 regionis
314 1043 363 1098 aot
382 1054 417 1097 ex
436 1034 566 1116 nympha
587 1032 712 1095 llecaten
732 1031 818 1094 liliam
839 1039 938 1094 namna
959 1050 1040 1106 osse,
1063 1032 1219 1096 rarioribus
1239 1029 1326 1094 etiam

166 1159 252 1222 quam
268 1146 381 1221 patrem
397 1136 539 1211 aaronbus,
556 1135 737 1216 eandemque
751 1134 959 1198 ronehchrurn
975 1134 1078 1198 eximie
1092 1135 1230 1217 peritam,
1249 1151 1327 1213 quo·

166 1262 232 1306 rurae
248 1262 304 1324 ope
318 1251 422 1304 necato
437 1248 520 1322 patre
535 1259 626 1321 apiriam
641 1258 764 1321 regnum
780 1247 963 1321 occupasset,
978 1239 1118 1321 templum
1131 1237 1239 1301 Dianae
1253 1253 1327 1299 con·

166 1365 311 1420 sacrasse,
338 1345 368 1406 in
388 1364 447 1426 quo
473 1362 528 1425 piro
548 1343 674 1405 uictimis
693 1342 827 1425 hospites
848 1342 1084 1414 immolarentur,
1108 1341 1133 1404 si
1154 1341 1204 1423 qui
1223 1341 1252 1404 in
1273 1340 1328 1402 has

166 1469 234 1512 oras
254 1447 339 1510 delati
359 1456 468 1510 essent.
499 1446 608 1510 Deinde
622 1449 725 1508 electae
740 1454 846 1527 patruo
862 1445 1017 1527 nupsisse,
1032 1444 1165 1525 liliasque
1179 1441 1330 1525 peperisse

167 1551 269 1614 tirren
294 1558 324 1612 et
347 1549 493 1622 bledeaau,
520 1549 670 1629 liliumque
689 1546 886 1629 hegialeum.“
921 1546 1016 1610 Facile
1041 1546 1071 1609 in
1095 1545 1142 1608 his
1161 1544 1331 1626 agnoscitur

167 1671 258 1734 cyrrum
274 1652 522 1733 pragmaticorum
538 1650 679 1726 studium,
694 1651 817 1713 aleonum
835 1650 945 1713 tabulas
960 1649 989 1712 in
1006 1648 1162 1712 hominum
1173 1665 1221 1710 res
1233 1653 1330 1728 gestas

167 1757 413 1831 convertentium,
428 1765 490 1819 tom
506 1766 603 1820 autern
618 1773 787 1835 graecarum
803 1753 978 1835 religionum
994 1770 1061 1816 curua
1076 1749 1241 1833 peregrinis
1257 1767 1330 1813 con·

168 1859 328 1923 ruminatio.
355 1860 427 1922 h'anr
440 1860 540 1922 Solem
557 1857 664 1940 pariter
678 1867 765 1940 atque
779 1857 841 1920 eius
857 1857 965 1920 liberos
980 1856 1010 1919 in
1026 1857 1080 1919 hac
1090 1854 1259 1919 narratione
1270 1870 1331 1916 non

169 1964 242 2025 aleos
262 1962 315 2024 soil
336 1962 471 2025 immines
490 1960 644 2024 hahenrlos
664 1979 743 2033 esse,
762 1959 910 2022 neminem
932 1959 1008 2023 lallet
1022 1957 1269 2022 Euhemeristirae
1283 1974 1332 2019 ra·

170 2065 260 2128 tionis
281 2084 343 2128 non
363 2083 488 2147 prorsus
507 2064 651 2143 ignarum.
687 2061 745 2124 Pro
766 2060 829 2124 deis
844 2071 940 2124 autem
962 2062 1062 2124 Solem
1081 2060 1203 2141 eiusque
1222 2058 1333 2122 liberos

171 2166 277 2227 broten
299 2175 328 2227 et
345 2164 476 2227 hlerleam
496 2164 699 2246 antiquissima
718 2172 811 2227 aetate
826 2164 862 2226 ah
877 2164 920 2226 cis
936 2164 1063 2227 maxime
1078 2162 1173 2226 cultos
1188 2182 1269 2237 csse,
1283 2160 1333 2245 qui

171 2269 344 2332 Corinthum
361 2288 385 2330 s.
398 2268 545 2349 Ephyram
559 2268 713 2338 habehant,
729 2268 827 2348 negari
841 2285 901 2329 non
913 2285 1004 2348 posse
1016 2266 1213 2344 arbitror⁶⁰tz
1228 2283 1334 2348 quam·

171 2370 274 2432 olorem
294 2371 398 2431 euclem
420 2369 497 2432 haud
517 2379 687 2433 cunctanter
706 2371 793 2434 etiam
813 2371 956 2445 Perseus,
976 2371 1097 2447 llecate,
1117 2370 1211 2443 Circe,
1231 2367 1335 2449 hegia-

119 2486 151 2539 2⁵
171 2473 233 2535 leus
250 2471 392 2535 relerenali
408 2482 487 2533 sunt.
517 2472 579 2534 liae
593 2482 690 2534 autam
706 2472 863 2553 religiones
878 2483 948 2555 post
963 2481 1134 2555 occupatam
1150 2493 1166 2535 a
1182 2469 1335 2534 buriensi·

170 2574 227 2636 luas
239 2573 479 2654 Peloponnesum
495 2572 667 2637 obscuratae
681 2584 768 2655 atque
782 2595 953 2659 oppressae,
968 2594 1099 2657 quaeque
1113 2575 1150 2637 de
1165 2573 1219 2637 illis
1234 2572 1334 2635 numi·

133 2678 150 2708 ⁴
170 2675 258 2739 uilius
279 2675 391 2738 tabulae
411 2678 539 2749 lucrant,
561 2675 661 2740 multis
681 2677 778 2740 modis
798 2678 1048 2762 aposterioribus
1064 2687 1193 2741 mutatae
1207 2695 1241 2740 ac
1255 2675 1334 2738 uim·

172 2790 234 2843 ctae
252 2790 334 2854 suut,
353 2778 391 2842 ab
411 2778 447 2841 iis
467 2780 658 2862 praesertim,
679 2779 728 2863 quii
748 2781 778 2844 in
794 2781 892 2845 hsiam
913 2789 943 2845 et
961 2780 997 2845 ad
1018 2781 1109 2844 maris
1123 2779 1221 2844 euxini
1236 2779 1334 2843 littora

173 3108 220 3142 oran
237 3092 322 3142 sslrlita
338 3091 435 3158 patriae
452 3090 639 3159 designatione,
655 3091 701 3157 Ill,
715 3093 757 3145 52.
770 3094 816 3159 66,
834 3094 1048 3162 dubitatunquca
1064 3092 1150 3145 multis
1163 3098 1212 3156 cst,
1224 3091 1336 3160 scriptor

174 3177 216 3227 ille
235 3193 290 3227 num
309 3192 370 3227 uere
384 3175 510 3238 Milesius,
528 3193 559 3227 on
573 3177 756 3246 Mitylenaeus,
774 3181 880 3248 isquam
893 3181 1124 3248 Σκυταβραχίονα
1136 3177 1335 3243 cognominatum

173 3277 231 3313 esse
242 3263 333 3313 suidas
345 3264 425 3328 clucet,
436 3280 467 3313 ara
480 3264 592 3314 sortasse
602 3264 700 3315 Samius
713 3264 798 3317 luerit
821 3265 859 3316 nd
870 3264 996 3317 hlilcsiunr
1006 3267 1070 3333 quot
1079 3265 1180 3327 attinet,
1193 3263 1267 3314 facilc
1277 3279 1337 3314 con·

173 3349 235 3399 conlo
248 3348 371 3413 llaechio,
392 3349 460 3399 Cret.
474 3348 493 3399 ll
507 3365 530 3416 p.
542 3348 588 3416 11,
600 3349 778 3412 otl'anollrae,
795 3350 855 3401 ller.
870 3350 975 3403 Samior.
989 3368 1012 3419 p.
1023 3353 1064 3416 aa,
1077 3350 1257 3418 pragmaticum
1269 3348 1336 3399 istut

174 3450 253 3497 genus
265 3434 442 3502 mythologice,
456 3435 521 3501 quod
534 3451 566 3485 en
576 3435 687 3486 lliotloro
701 3443 728 3487 ct
740 3437 877 3488 scholiasta
887 3437 1013 3504 hpolloaii
1026 3434 1208 3502 cognoscimus,
1220 3449 1235 3484 a
1247 3440 1337 3484 vetere

176 3519 219 3569 illo
232 3520 369 3583 historico,
379 3536 451 3587 quem
464 3520 554 3571 Suialas
568 3519 686 3572 llecataei
698 3522 828 3589 aequalem
841 3522 919 3573 tutos
931 3523 978 3589 sit,
991 3523 1099 3574 alienum
1112 3521 1217 3574 iudicari
1229 3519 1336 3571 cleberc:

176 3621 255 3670 oeque
268 3613 349 3656 tamen
360 3613 499 3673 propterea,
514 3606 661 3674 ubicumque
671 3607 731 3658 talis
741 3609 772 3659 acl
784 3607 907 3660 Milesium
917 3608 1065 3675 Dionysiam
1076 3607 1229 3671 rcleruatur,
1242 3605 1338 3673 patriae

176 3706 263 3741 susianen
281 3691 385 3754 laisum,
402 3700 429 3744 et
446 3709 491 3758 pro
504 3691 604 3744 Milesio
616 3700 660 3743 aut
672 3692 780 3743 Samium
792 3702 837 3745 aut
850 3693 1029 3761 Mitylenaeum
1042 3693 1200 3758 cogitatorium
1212 3707 1270 3743 csse
1282 3706 1338 3742 crs·

122 3778 124 3782 '
179 3775 291 3827 dieterico.
317 3777 406 3843 Quirini
424 3778 489 3830 enias
506 3778 580 3829 etism
593 3779 701 3830 alterum
714 3777 840 3831 hlilcsiurn
853 3781 1021 3832 recentiorem
1033 3779 1112 3831 luisse
1124 3777 1281 3831 statuamus!
1298 3775 1338 3825 rui

178 3861 307 3912 tribuentia
319 3871 394 3914 erunt
406 3880 468 3931 quae
480 3879 494 3914 a
508 3866 645 3917 scholiasta
656 3865 782 3932 Apollonii
794 3867 826 3917 sal
839 3865 857 3930 1,
873 3865 947 3918 1116.
960 3865 1002 3931 lll,
1016 3865 1075 3917 266.
1085 3864 1144 3916 212.
1157 3862 1200 3931 lV,
1212 3861 1271 3914 222.
1280 3860 1338 3912 228.

180 3945 257 4007 ilat,
270 3947 328 3997 itera
339 3964 355 3998 a
368 3948 476 4000 Diodoro
487 3947 530 4015 111,
548 3950 589 4001 52.
603 3950 636 4000 66
653 3957 680 4002 ct
691 3949 723 4000 ab
735 3949 847 4003 Rodacis
860 3967 884 4018 p.
898 3950 954 4002 tas.
967 3949 1014 4001 261
1031 3949 1184 4002 referuntur.
1209 3947 1339 4015 Quumque

179 4029 254 4080 etiam
263 4029 431 4098 llitylcnasus
441 4034 577 4101 Dionysius
589 4035 723 4103 aliquoties
736 4035 852 4088 similium
865 4052 950 4088 rerum
962 4042 1053 4087 auctor
1061 4035 1186 4099 habetur,
1198 4041 1227 4086 ut
1235 4050 1251 4085 s
1260 4031 1339 4084 schol.

179 4113 263 4179 Apoll.
276 4112 310 4175 tt,
325 4117 397 4168 trab.
413 4116 453 4181 lV,
468 4118 529 4185 lli,
543 4137 592 4170 oon
604 4135 741 4188 assequor,
754 4135 800 4172 cur
812 4120 965 4190 probabilius
978 4121 1025 4186 sit,
1038 4120 1063 4171 la
1077 4120 1173 4188 patriae
1186 4119 1284 4170 aoratos
1296 4131 1340 4167 ssa·

180 4206 260 4249 ratum
273 4215 345 4258 csso,
357 4218 429 4266 quam
442 4202 520 4254 fuisso
533 4205 596 4256 duos
608 4204 758 4274 Dionysias,
772 4204 896 4258 llilcsiuas
908 4212 935 4258 ct
948 4204 1137 4273 Mitylenaeum,
1151 4218 1256 4273 quorum
1268 4208 1339 4252 utem

180 4297 228 4349 qno
241 4281 377 4334 tabularcm
389 4286 516 4337 historiam
526 4290 680 4354 pragmatica
690 4290 788 4342 ratione
799 4289 958 4342 tractaverit.
979 4290 1062 4357 Atque
1075 4289 1112 4341 sle
1121 4289 1198 4341 stisn
1207 4285 1342 4340 wemer-

183 4372 234 4417 tusr
247 4373 359 4418 statuere
371 4369 451 4435 vitea,
461 4371 492 4421 alc
505 4372 558 4424 vita
569 4381 596 4425 ct
609 4375 697 4441 script.
710 4374 839 4442 Apollonii
852 4373 898 4426 tt.
911 4390 934 4443 p.
946 4374 995 4426 176
1007 4389 1061 4442 sqq.
1079 4365 1083 4376 '

250 4451 293 4513 ou)
313 4449 369 4503 via
393 4454 511 4520 imprimis
529 4455 630 4510 hlhllcr.
647 4458 765 4511 Orchom.
781 4475 806 4528 p.
821 4459 871 4511 266
890 4475 944 4528 sqq,
970 4456 1054 4511 Doni
1075 4474 1100 4527 p.
1110 4456 1169 4509 326.
1193 4455 1340 4509 Codathun

179 4531 440 4656 ilirisbflmmm
458 4539 549 4591 ticon
565 4557 623 4594 esso
638 4544 710 4596 alost
725 4544 813 4613 steph.
829 4544 892 4614 llys.
911 4537 1071 4615 ι.,ν.“11ο’(1.
1087 4549 1115 4595 st
1130 4541 1246 4594 blastum
1262 4540 1295 4593 su
1311 4537 1341 4593 11.
