2962 4808
589 307 649 373 tte

520 396 573 410 ιι...
590 399 646 407 --·.
690 398 721 405 Ηι

39 520 122 569 nunc
141 520 240 567 cerum
261 500 341 565 ilium
356 519 491 580 cursum,
511 522 586 585 quo,
602 522 677 586 quae
692 511 756 566 orta
771 510 853 579 sunt,
868 503 905 566 ad
920 502 1119 568 maturitatem
1134 522 1205 588 per·

41 610 189 673 ataacuamr
209 625 371 689 rursusque
389 618 508 691 peracto
524 608 597 672 ritae
613 606 707 692 spatio
722 606 926 673 absumuntur.
958 611 996 674 Et
1009 611 1092 674 huuc
1104 610 1204 693 ipsmn

41 731 161 777 cursum
181 721 210 775 et
230 712 313 795 quasi
328 715 437 776 humen
450 721 625 796 ymcpctunm
641 712 771 789 oriendi,
791 714 1019 789 matanescendi,
1040 715 1205 780 intereundi

40 818 138 882 Rheae
153 816 254 880 uxoris
269 817 389 881 nomine
403 817 560 900 significari
574 818 671 882 risum
685 838 753 881 esse
767 819 917 901 probabile
932 825 1006 884 cst.³
1015 825 1056 899 8ἡ
1252 890 1256 897 ,

126 921 249 987 Mestant
265 922 324 985 duo
340 921 460 985 numina
476 924 610 997 feminea,
626 922 747 986 Tiremis
761 933 790 986 et
804 923 1004 1008 Mnemosyne.
1031 924 1205 989 'themidem

42 1036 164 1112 apparet
182 1027 275 1109 legem
291 1026 368 1092 iilam
384 1026 561 1110 signiticace,
576 1047 648 1110 qna,
664 1036 855 1111 posteaquam
872 1028 959 1093 liuius
975 1030 1077 1093 ruundi
1093 1029 1203 1114 prinei·

44 1134 91 1217 pia
111 1143 246 1214 generata
264 1144 361 1207 erant,
381 1132 526 1196 constanti
542 1144 570 1194 et
586 1142 728 1215 perpetuo
744 1132 848 1198 ordine
862 1135 962 1198 onmia
977 1135 1119 1200 contineri
1135 1156 1205 1200 coe·

40 1246 161 1319 pemnt3
176 1256 251 1318 quae
265 1239 309 1300 ies
325 1257 416 1319 quum
431 1237 467 1300 ad
483 1236 638 1299 hominum
653 1236 740 1300 attam
757 1257 861 1320 resque
876 1239 1019 1303 ituroranas
1034 1239 1203 1314 traducitur,

40 1339 175 1414 iustitiae,
190 1340 353 1421 aequitatis,
369 1340 546 1403 concordiae
563 1341 630 1402 tons
644 1349 699 1412 est,
715 1341 906 1420 quamohrem
922 1341 975 1404 has
991 1342 1112 1405 Themis
1129 1341 1204 1405 tihas

40 1441 190 1524 peperisse
206 1443 324 1516 dicitur,
346 1452 375 1505 et
394 1443 512 1525 quidem
527 1462 561 1504 cx
578 1441 658 1517 ioue,
677 1443 733 1504 deo
754 1442 868 1525 optimo
884 1444 1027 1520 maximo,
1045 1445 1095 1526 qni
1111 1464 1202 1527 quum

40 1546 167 1610 universi
184 1546 288 1609 mundi
303 1546 405 1626 legem,
420 1545 602 1619 Themidem,
619 1543 774 1625 coniugem
789 1545 960 1627 sauciamque
971 1546 1086 1629 imperii
1098 1547 1204 1612 haheat

40 1651 162 1731 eiusque
177 1648 301 1712 consilio
322 1648 466 1711 mundum
482 1646 680 1720 administret,
701 1657 764 1709 tum
779 1647 865 1710 etiam
882 1649 1054 1713 hominihus
1071 1650 1143 1713 iuris
1158 1662 1203 1714 at·

40 1772 97 1834 quc
118 1751 205 1814 onteii
226 1751 424 1831 cognitionem
444 1759 472 1812 et
492 1767 623 1811 amorem
640 1749 779 1830 impertit.
795 1750 1040 1834 -Mnemosyne
1055 1763 1152 1815 autem
1173 1772 1206 1815 ca

41 1864 99 1931 est,
129 1873 202 1936 quae
227 1871 325 1916 rerum
351 1852 573 1934 praeteritarum
601 1851 774 1914 memoriam
798 1853 902 1916 retinet
926 1863 1013 1936 atque
1038 1866 1206 1919 consecrat:

40 1975 190 2041 quumque
208 1956 306 2018 omnis
327 1955 481 2036 prudentia
501 1953 629 2016 manime
648 1974 682 2017 ex
698 1956 828 2036 diligenti
843 1975 941 2020 rerum
958 1958 1162 2022 obsecratione
1176 1969 1206 2021 et

40 2058 256 2125 reminiscentia
269 2067 466 2141 corriperetur,
482 2057 611 2138 nihilque
623 2058 715 2139 magis
727 2061 771 2123 aot
782 2069 866 2123 acuat
876 2061 1007 2124 aninnrm
1020 2062 1061 2124 vei
1072 2062 1204 2132 delectet,
1226 2079 1261 2133 24

40 2185 129 2248 quam
150 2161 357 2244 contemplatio
378 2181 478 2226 recum
497 2172 525 2223 et
544 2162 722 2231 recordatio,
743 2163 813 2227 irinc
831 2184 936 2227 ottones
956 2176 1033 2229 artes
1050 2165 1204 2248 ingenuae,

40 2270 146 2352 quihus
165 2267 321 2330 hominum
342 2265 398 2330 vita
420 2275 542 2330 ornatur
560 2274 589 2327 ct
608 2264 796 2337 exhilaratur,
817 2266 967 2331 Musarum
983 2269 1106 2333 nontine
1120 2270 1203 2333 Mne·

40 2392 180 2455 mosynae
196 2371 270 2434 hliac
284 2370 434 2444 dicuntur,
449 2371 517 2433 iore
531 2379 613 2450 patre
628 2381 802 2450 prognatae,
822 2370 962 2453 qnoniam
977 2372 1088 2454 lupitcr
1102 2382 1131 2437 ct
1146 2372 1203 2436 sihi

39 2478 251 2558 Mnemosynen
267 2474 354 2537 hahet
368 2471 567 2547 coniunctam,
583 2482 615 2535 ut
631 2472 694 2555 ipse
709 2474 852 2555 quidquid
868 2493 998 2557 unquam
1014 2477 1067 2540 tota
1079 2477 1204 2540 tactam·

40 2601 97 2664 que
112 2587 159 2643 ost
174 2577 316 2641 memoria
332 2577 553 2661 complectatur,
569 2585 598 2639 et
614 2576 798 2651 honrinihns,
817 2578 895 2641 sictut
908 2588 1001 2643 cetera
1018 2581 1117 2645 ornrria
1132 2581 1206 2644 ritae

41 2683 186 2769 praesidia
201 2691 230 2746 et
245 2691 433 2757 ornamenta,
455 2681 494 2744 ita
510 2682 598 2744 etiam
614 2681 765 2746 Musamm
780 2682 917 2746 henehcia
934 2685 1062 2766 largitur.
1092 2686 1206 2760 Quem·

41 2789 202 2853 admodum
219 2796 315 2848 autem
331 2786 367 2847 de
378 2784 469 2848 Musis
485 2784 659 2867 Pythagorei
675 2787 852 2861 statuebant,
873 2782 933 2872 τήν
947 2781 1085 2868 δύναμιν
1100 2778 1208 2851 αἰτῶν

41 2883 80 2955 οὗ
103 2884 182 2975 περὶ
203 2883 246 2951 cci
268 2882 431 2950 κάλλιστα
453 2881 658 2972 θεωρήματα
677 2880 780 2969 μόνον
795 2880 936 2974 ἀνήκειν,
960 2880 1044 2952 dite
1064 2886 1124 2955 καὶ
1143 2911 1208 2956 πε-

40 2991 74 3079 ρὶ
101 2989 161 3079 τήν
187 2983 382 3079 συμφωνίαν
409 2984 467 3053 καὶ
494 2983 656 3071 ἁρμονίαν
681 2988 748 3054 τῶν
769 2982 1207 3071 incompetenterque

41 3097 77 3159 de
88 3097 281 3177 Mnemosyne
295 3104 425 3157 statuere
439 3093 544 3169 licebit,
559 3113 670 3157 numen
686 3095 750 3158 cius
762 3115 824 3159 non
836 3096 933 3158 seium
946 3097 983 3160 ad
996 3097 1103 3160 mentis
1115 3097 1208 3160 aetio·

40 3218 124 3273 nem,
144 3198 196 3259 sed
217 3197 254 3260 ad
275 3215 394 3259 omnem
415 3216 515 3260 rerum
536 3208 670 3261 naturam
690 3198 850 3279 pertinere,
873 3199 1111 3281 quandoquidem
1127 3201 1208 3276 inec,

42 3303 112 3363 dum
135 3317 211 3362 nova
228 3318 345 3379 semper
360 3302 486 3381 protect,
507 3319 659 3382 nunquam
679 3310 777 3363 tamen
797 3309 927 3365 veterum
945 3302 1138 3380 obliviscitur,
1158 3304 1209 3367 sed

41 3421 162 3466 omnem
191 3418 333 3463 novarum
359 3420 459 3465 rerum
483 3402 719 3485 procreationem
744 3413 874 3467 veterum
900 3405 984 3486 quasi
1008 3407 1212 3470 recordatione

42 3506 226 3577 moderatur,
240 3521 439 3585 generumque
453 3513 482 3567 et
497 3507 659 3568 torniacum
675 3507 834 3570 earundem
849 3516 934 3571 tenax
949 3518 979 3572 et
993 3529 1122 3586 mmor,
1137 3529 1213 3592 quae

41 3609 111 3672 olim
132 3607 264 3679 suerunt,
283 3605 453 3680 identidem,
473 3607 527 3669 sed
547 3606 604 3669 atio
625 3609 731 3682 modo,
751 3612 853 3684 refert,
874 3619 907 3674 ut
925 3612 1012 3675 etiam
1032 3632 1106 3695 quae
1125 3631 1212 3696 prae·

47 3797 207 3809 man—nu-
212 3797 296 3805 ..ι-.-
301 3799 306 3804 .
329 3797 345 3805 κ

112 3916 166 3979 ³5⁰)
177 3915 285 3967 Visum
297 3930 369 3966 esee
381 3915 443 3979 dixi,
456 3914 487 3965 iis
499 3914 605 3979 scilicet,
618 3931 722 3982 querum
736 3919 858 3970 rationem
870 3922 1019 3986 theogoniae
1032 3930 1136 3975 nestrae
1144 3939 1213 3975 cem·

43 4002 143 4070 positar
154 4009 277 4069 sequutus
289 4007 338 4052 est.
359 3999 422 4051 Naro
433 4014 461 4050 re
474 4014 534 4050 vern
547 4015 636 4049 nornen
649 4016 665 4051 a
677 4001 756 4051 verbo
769 4001 824 4072 ῥίον
837 4003 930 4057 iactum
942 4023 1001 4060 esee
1012 4010 1127 4076 equidem
1139 4026 1214 4078 prae·

44 4093 113 4140 rtare
127 4087 211 4138 nolim.
235 4086 270 4137 iit
282 4085 399 4137 similiter
409 4084 442 4135 de
454 4083 548 4135 ceteris
560 4085 700 4136 nominibus
713 4102 761 4138 nen
775 4104 840 4155 quae
856 4091 914 4143 mihi
930 4093 978 4162 ipsi
991 4109 1053 4148 veru
1065 4096 1214 4148 viderentur

43 4173 124 4240 perui,
137 4174 182 4223 aed
195 4188 258 4239 qnae
268 4171 398 4223 veteribus
410 4170 462 4221 iiiia
474 4169 530 4220 visa
542 4183 600 4220 ease
612 4170 751 4224 crederem.

111 4257 153 4323 ³6)
166 4257 291 4310 lamblich.
304 4258 350 4309 vit.
364 4256 470 4325 Pythag.
483 4270 505 4306 e.
517 4254 561 4305 «ii.
584 4252 623 4306 ci.
636 4271 699 4321 quae
712 4256 744 4308 de
756 4256 873 4328 Orphieia
890 4261 1037 4318 nictantur
1047 4269 1114 4336 apud
1128 4266 1213 4320 iuna.

42 4343 113 4396 ntae.
126 4342 208 4409 Alleg.
222 4359 247 4410 p.
259 4342 310 4394 tut
322 4340 404 4396 Gaios.
426 4339 536 4392 Lataeet.
549 4338 607 4404 Agl.
620 4355 645 4408 p.
656 4339 702 4393 idi
718 4358 755 4410 sq.

86 4427 110 4468 11
989 4439 1007 4468 o
