2962 4808
84 261 87 266 Ι
225 110 515 213 cuurluduo
535 111 824 212 Ttududunu
838 115 1092 213 uuslduuhu
1115 114 1207 211 cuu

600 311 844 410 uduuucu.
1248 328 1251 334 ’

221 601 458 684 Recentissimus
479 618 656 702 theogoniae
671 620 834 685 llesiodeae
854 621 1015 702 interpres,
1034 618 1068 685 D.
1083 619 1110 683 J.
1125 618 1304 703 Lennepius,
1324 625 1343 680 t

137 722 167 785 in
182 722 365 805 praefatione
379 723 519 787 editionis
540 742 610 787 suae
625 743 655 807 p.
670 723 711 788 Xl
725 726 894 807 profitetur,
914 743 996 788 seso
1015 725 1209 807 impulsum
1230 742 1304 788 ma·

136 826 228 889 xime
242 826 323 891 loon
338 826 558 903 lleroalnteo,
573 826 608 901 11,
625 828 677 903 53,
689 829 751 892 uhi
763 829 939 892 Homerus
954 828 1182 892 etllesiodus
1198 828 1304 891 theo·

137 931 279 1013 goninm
310 929 455 995 Graecis
485 930 698 997 condidisse
728 931 871 1016 aliisquo
896 931 1042 995 nomina
1068 931 1305 1014 imposuisse,
1340 951 1349 974 ¹

138 1036 370 1117 honoresque
398 1044 432 1099 et
457 1036 576 1100 munia
604 1037 823 1101 attribuisse
853 1038 1058 1117 formasque
1092 1037 1305 1119 designasse

139 1138 493 1215 dicuntur,animum
508 1139 688 1205 adiecisse
702 1139 888 1222 hispoetis
904 1138 1308 1215 interseeonlerendis,

140 1251 179 1306 ut
204 1251 372 1307 accurate
398 1251 555 1319 notaret,
582 1261 670 1327 quae
696 1242 894 1307 deortibus
922 1243 1084 1319 deorum,
1108 1261 1305 1326 eorumque

69 1371 83 1408 z
140 1353 266 1409 natura
281 1364 320 1410 ao
332 1347 507 1429 speeieoh
519 1346 836 1428 iisproderentur:
851 1364 917 1427 qua
930 1346 1100 1409 instituta
1112 1346 1308 1411 collatione

141 1466 248 1530 quum
263 1447 394 1512 viderit
408 1447 493 1512 illos
505 1448 540 1512 in
555 1449 743 1513 nonnullis
758 1448 977 1524 consentire,
992 1447 1027 1510 in
1042 1446 1125 1510 aliis
1141 1446 1307 1513 diversos

142 1549 256 1625 abire,
274 1567 341 1614 neo
358 1567 439 1614 raro
460 1552 587 1615 laetam
601 1551 644 1615 ah
658 1569 729 1616 uno
745 1549 800 1613 rel
816 1549 870 1613 dei
885 1549 940 1613 sel
959 1549 1114 1614 alieuius
1130 1550 1309 1631 mythioae

142 1671 317 1737 personae
343 1661 403 1716 aut
427 1652 605 1718 historiae
631 1654 850 1719 mentionem
875 1653 970 1734 oprud
996 1653 1146 1716 alterum
1173 1654 1309 1716 irustra

143 1755 282 1838 quaeri,
302 1773 531 1837 consequens
552 1755 667 1819 luisse
686 1765 725 1819 ut
743 1755 919 1829 erederet,
939 1775 995 1829 ea,
1010 1753 1047 1818 in
1067 1753 1197 1835 quibus
1219 1775 1310 1820 eon-

145 1857 338 1933 sentirent‚
358 1857 473 1921 luisse
493 1867 565 1921 tum
586 1857 723 1940 pridem
743 1859 812 1920 iam
828 1857 1001 1939 opinione
1017 1857 1238 1921 Graecorum
1253 1877 1312 1923 re·

145 1968 264 2041 oopta,
278 1958 434 2022 nondum
447 1957 529 2023 vern
545 1979 596 2034 ea,
612 1959 787 2041 inquibus
800 1960 1057 2036 dissentirent,
1072 1961 1314 2041 utpotuerint

146 2061 187 2124 de
201 2060 247 2124 iis
262 2079 326 2143 pro
341 2077 405 2124 sua
419 2070 570 2144 uterque
581 2061 755 2144 opinione
767 2081 876 2125 suove
889 2061 1006 2125 lubitu
1023 2062 1173 2126 tradere.
1202 2063 1315 2146 Tetigit

146 2162 191 2225 vir
205 2161 399 2227 doctissimus
418 2161 465 2225 his
485 2161 583 2226 serbis
602 2182 666 2226 rem
686 2163 723 2227 ad
742 2164 952 2228 aceuratiorem
973 2164 1174 2244 cognitionem
1193 2184 1315 2247 graecae

145 2264 311 2344 theologiae
326 2284 361 2329 ao
375 2264 524 2347 religionis
538 2264 626 2347 longe
641 2266 861 2346 gratissimam,
881 2266 1008 2329 necdum
1028 2285 1083 2348 pro
1104 2287 1139 2330 eo
1160 2285 1194 2329 ac
1214 2266 1317 2330 debuit

147 2367 335 2450 explicatam,
359 2367 413 2431 sed
432 2367 551 2450 dignam
570 2368 688 2450 utique,
709 2386 784 2451 quae
804 2367 959 2450 aliqnando
979 2388 1067 2449 quam
1090 2368 1316 2450 diligentissime

147 2478 350 2553 pertractetur.
383 2469 458 2536 Nam
478 2490 570 2554 quum
595 2471 785 2535 manifestum
811 2470 851 2534 sit
869 2470 1026 2552 religiones
1046 2471 1265 2555 popularesque
1279 2472 1317 2535 de

147 2573 204 2638 diis
225 2572 382 2657 opiniones
401 2574 433 2639 in
452 2575 623 2639 universum
639 2574 805 2639 aestimanti
834 2575 953 2639 easdem
969 2577 1049 2658 spond
1065 2595 1172 2641 omnes
1188 2575 1317 2639 Graecos

147 2676 251 2753 luisse,
274 2676 366 2740 nihilo
390 2679 491 2742 minus
516 2685 615 2741 tamen
633 2695 822 2760 permagnam
843 2677 1013 2741 varietatem
1033 2698 1069 2742 no
1087 2678 1319 2760 discrepantiam

148 2779 312 2844 fabularum
327 2787 358 2842 et
371 2779 482 2844 rituum
498 2780 576 2863 apud
591 2799 644 2843 eos
658 2778 918 2862 deprehendimus,
933 2781 1081 2864 adeoque,
1094 2781 1120 2845 si
1135 2781 1202 2864 quis
1218 2780 1320 2845 omnis

149 2882 239 2947 huius
257 2880 372 2965 generis
391 2881 545 2964 diligenter
562 2882 730 2959 oontulerit,
750 2884 899 2948 adumaro
912 2884 1024 2959 licebit,
1043 2884 1089 2947 rix
1109 2883 1249 2968 pauciora
1270 2884 1319 2946 in·

148 2993 269 3050 rentum
283 2987 334 3063 iri,
349 2984 508 3070 dequibus
522 2984 699 3051 dissentiant
711 2985 789 3051 inter
803 3006 837 3052 se
851 2987 955 3052 Graeci
966 3007 1055 3070 quum
1066 2988 1098 3051 in
1112 2988 1224 3070 quihus
1239 3005 1315 3050 eon·
