2962 4808
710 363 828 459 -..⁷8
1007 403 1012 413 ·

130 534 134 541 ⁵
230 570 327 615 masse
341 550 420 623 dixit,
436 549 687 632 quemadmodum
703 549 829 612 Procius
844 558 969 613 testatur
983 549 1013 612 in
1029 548 1092 614 Plat
1107 551 1218 615 Timar.
1235 552 1273 615 ill
1287 572 1317 634 p.
1330 549 1393 615 368

229 655 333 716 Sebn.:
362 645 440 716 eidi
463 646 650 738 Φερεκύδης
676 643 785 734 ἔλεγεν
812 641 1007 736 εἷς”Εριοτα
1032 652 1309 744 μεταβεβλῆσθαι
1337 651 1395 720 τὸν

229 749 299 821 Διά
324 750 482 837 μέλλοντα
508 752 732 841 δημιουργεῖν,
763 749 817 818 ὅτι
845 751 885 841 dri
913 751 972 817 arie
998 751 1121 838 κόσμον
1147 752 1183 823 ἐκ
1209 757 1275 822 τῶν
1301 753 1395 824 ἔναν-

229 851 309 924 τίων
330 855 486 936 συνιστὰς
507 851 556 936 εἷς
577 849 758 942 ὁμολογίαν
783 852 841 922 καὶ
864 852 981 946 φιλίαν
1001 851 1104 946 ἤγαγε
1125 857 1183 926 καὶ
1209 855 1396 949 ταύτότητα

229 965 336 1027 πᾶσιν
359 955 531 1048 ἕνέσπειρε
560 957 620 1026 καὶ
649 956 765 1027 ἕνωσιν
794 958 853 1049 τήν
878 953 925 1026 de'
953 954 1039 1026 iilam
1069 957 1259 1050 διήκουσαν.
1307 966 1396 1030 blulta

229 1076 376 1149 praeterea
392 1066 428 1128 de
443 1066 621 1147 demiurgiae
636 1068 727 1130 unrado
743 1087 778 1130 ac
792 1067 919 1143 ratione,
933 1067 969 1130 dc
984 1065 1071 1130 variis
1088 1069 1212 1131 alearum
1232 1070 1395 1151 generatio·

229 1171 326 1247 nibus,
353 1172 390 1235 dc
416 1171 627 1234 mrtaminibus
649 1190 753 1235 eorum
779 1179 866 1254 atquo
892 1171 1007 1254 imperii
1031 1171 1295 1248 vicissitudinibus,
1320 1191 1395 1256 quae

231 1275 363 1349 luissent,
378 1285 445 1339 ante
456 1296 545 1358 quam
557 1275 657 1340 onruia
669 1276 728 1339 lori
744 1275 968 1350 subiicerentur,
984 1275 1129 1340 labulatus
1145 1284 1219 1351 erat,
1234 1277 1272 1339 de
1288 1277 1395 1358 quibus

230 1380 326 1444 dicere
340 1381 398 1444 boc
417 1381 483 1444 loeo
505 1381 575 1444 nibil
595 1381 706 1445 attinet.
733 1380 796 1444 lloo
816 1389 915 1443 tannen
935 1399 996 1443 non
1017 1389 1061 1442 est
1077 1380 1194 1443 silentio
1210 1380 1397 1463 praetermit-

232 1485 366 1560 tendum,
380 1484 405 1547 si
421 1486 519 1548 iurem
536 1483 717 1568 l‘bcrecples
739 1485 808 1548 imle
823 1484 859 1547 ab
874 1483 957 1547 initio
973 1483 1019 1547 sui
1036 1482 1178 1558 similem,
1194 1484 1223 1547 lr.
1235 1505 1261 1547 e.
1278 1483 1397 1568 sapien·

232 1597 289 1651 tem
305 1598 333 1652 et
348 1588 461 1652 ratione
477 1599 563 1671 atquc
578 1588 702 1653 consilio
719 1589 748 1651 iu
764 1588 866 1652 rotundi
883 1589 990 1652 lubrica
1004 1596 1134 1652 utentem
1150 1587 1273 1663 induxit,
1287 1608 1344 1672 qua
1360 1589 1397 1652 de

232 1711 263 1754 re
272 1690 397 1754 dubitari
403 1713 464 1754 nun
471 1704 570 1775 potest
579 1702 592 1738 ²
601 1696 641 1771 ὃ),
652 1693 829 1774 praelusisse
839 1713 907 1756 euru
919 1693 961 1756 sic
970 1691 1191 1775 quodammodo
1200 1693 1398 1775 posteriorum

234 1795 480 1877 pbilosophorum
496 1796 661 1869 doctrinae,
682 1798 732 1879 qui
752 1807 881 1860 mentem
903 1797 1005 1859 mundi
1027 1796 1165 1859 creationi
1186 1801 1398 1879 praefecerunt.

234 1900 419 1981 Quamquam
432 1901 560 1963 Mentem
576 1903 763 1983 Anaxagoras
785 1901 991 1983 incorpoream
1008 1919 1074 1962 esse
1091 1899 1194 1973 solutu
1215 1901 1398 1983 Pherecydes

234 2000 311 2063 loris
331 2011 466 2065 natrrram
487 2004 728 2081 aerbereamw),
752 2003 849 2085 itaquo
869 2022 1059 2084 corpoream,
1079 2002 1147 2065 licet
1166 2002 1399 2078 subtilissimam,

235 2114 383 2169 statuerat.
409 2105 557 2168 llaetenus
572 2106 661 2187 igitur
676 2106 721 2167 ille
736 2106 901 2188 eornparari
916 2115 1015 2189 potest
1029 2125 1095 2169 eum
1108 2105 1306 2187 Orpbieorum
1320 2106 1399 2169 Plia-

234 2221 311 2283 nete,
332 2201 535 2292 περιγιιγκὲος
557 2201 697 2291 αἰθέρος
719 2200 794 2293 cipi,
810 2227 898 2290 quem
913 2199 1191 2291 etipsum’liorow
1206 2209 1399 2289 cognomina·
1447 2195 1449 2198 Α

235 2320 297 2372 tuni
316 2329 382 2372 esse
401 2310 543 2385 aldirnam
567 2310 716 2374 llesiudeo
737 2321 835 2374 autem
855 2309 992 2391 Cupidini
1012 2310 1220 2391 praestantiam
1243 2313 1351 2375 mentis
1371 2323 1401 2375 et

234 2413 405 2495 sapientiam
422 2413 452 2475 iu
467 2414 580 2477 mundo
597 2414 753 2477 condendo
769 2413 858 2478 tribui
872 2432 933 2476 non
948 2432 1039 2494 posse
1053 2414 1331 2479 demonstrauimus.
1384 2431 1388 2437 ·

318 2516 495 2598 conspirare
518 2528 616 2580 autem
642 2537 710 2582 eum
732 2517 861 2581 llesiodo
882 2516 1036 2580 Acusilaus
1064 2515 1171 2579 dicitur
1190 2537 1206 2578 a
1227 2517 1350 2581 Platone
1369 2519 1399 2582 iu

235 2619 393 2702 Spnposio
410 2640 435 2683 e.
448 2620 468 2684 d
483 2640 512 2703 p.
529 2621 638 2706 17811,
658 2622 738 2704 quod
759 2641 850 2703 quam
865 2640 932 2684 rere
946 2620 1060 2682 dicatur
1079 2639 1114 2681 co
1131 2620 1278 2683 diltieilius
1299 2631 1345 2684 est
1364 2623 1399 2686 ad

236 2723 468 2799 diiudicandum,
492 2725 570 2805 quod
594 2745 669 2806 (prmo
693 2724 760 2788 alibi
784 2744 819 2788 ex
838 2724 974 2788 lleusilao
994 2742 1010 2786 a
1031 2722 1176 2785 ueteribus
1199 2727 1400 2803 proferuntur,

235 2827 333 2889 omma
353 2827 488 2890 fortassis
508 2828 667 2891 adulterina
684 2839 770 2904 suut,
790 2838 822 2891 ut
838 2828 944 2891 Suidas
965 2825 1118 2907 aliquoties
1140 2825 1330 2903 monuit²²lz
1347 2845 1402 2890 nec

236 2930 403 3012 repugnabo
419 2928 445 2992 si
466 2929 532 3012 quis
548 2948 615 2993 cunr
630 2931 661 2994 C.
674 2929 815 2994 bluellero
825 2937 839 2975 ²
849 2932 878 3006 θ)
900 2928 1005 2991 libmm
1023 2927 1118 3002 illam,
1136 2927 1186 3009 qui
1200 2927 1328 2990 Acusilai
1343 2945 1400 2990 no·

235 3053 302 3096 men
323 3032 519 3116 praelerebat,
539 3033 731 3097 Alexandrina
746 3043 838 3098 aetate
857 3033 1057 3116 compositum
1079 3031 1164 3095 dieat.
1201 3033 1259 3095 Sed
1280 3031 1401 3113 Cupidi-

235 3155 302 3200 nem
317 3136 354 3201 ab
364 3137 501 3200 lleusilao
512 3135 614 3200 Noctis
629 3147 658 3200 et
669 3138 801 3201 Aetheris
813 3137 904 3201 filium
916 3136 1027 3200 dictum
1039 3155 1105 3198 csse
1116 3134 1289 3197 scholiastes
1302 3133 1401 3195 Tlreo·

235 3238 298 3303 criti
322 3239 353 3303 iu
371 3247 543 3320 argurueuto
564 3238 651 3322 iaptii
673 3240 734 3305 xltt
756 3252 914 3305 nrenrorat:
934 3251 1038 3305 contra
1057 3235 1229 3302 Damaseius
1251 3236 1288 3298 de
1307 3233 1401 3314 princ

236 3362 265 3423 p.
283 3343 344 3406 383
365 3343 460 3424 liopp.
487 3333 719 3420 Ἀκουσίλαος,
747 3344 856 3424 iuquit,
885 3337 981 3420 Χάος
1001 3337 1063 3425 μὲν
1084 3328 1322 3405 ὑποτίθεσθαί
1341 3356 1401 3418 μοι

237 3442 329 3508 δοκεῖ
348 3441 407 3530 rije
428 3436 563 3530 πρώτην
584 3437 685 3532 ἀρχὴν
706 3436 752 3522 aig
774 3441 883 3534 πάντιγ
908 3438 1087 3530 ἄγνωστον,
1115 3437 1176 3518 τὰς
1198 3433 1237 3504 da’
1260 3432 1322 3503 deo
1342 3428 1425 3521 pa?

246 3620 370 3632 εις-..ι
384 3620 536 3631 ..ωηο-...ι

306 3706 348 3767 ts)
367 3705 429 3756 iliae
447 3712 500 3772 est,
517 3706 582 3775 quod
595 3705 751 3757 Aristoteles
769 3704 830 3756 dicit
843 3704 954 3772 bletapb.
967 3699 1040 3765 Xll',
1054 3701 1069 3751 l
1081 3716 1104 3767 p.
1119 3697 1178 3749 1031
1196 3695 1252 3748 bb:
1278 3689 1402 3766 Φερεκύ-

239 3787 344 3854 deprocul
357 3786 449 3861 drapo!
459 3808 531 3848 urar
543 3786 574 3840 rb
586 3790 726 3858 γεννῆσαν
738 3790 852 3858 πρῶτον
864 3783 1012 3860 ἄριστον
1023 3786 1161 3839 τιθέασιν.

307 3874 349 3938 ²¹5l
368 3874 405 3927 Cl-
422 3875 496 3927 l'wb·
519 3876 550 3926 Ν
567 3873 645 3938 l'erg.
665 3874 719 3926 sst‘l·
736 3873 782 3941 Vl,
798 3875 827 3925 31
848 3891 871 3943 p.
886 3876 919 3927 2⁰
936 3874 1015 3929 ilcila
1048 3869 1250 3938 Pherecydes
1272 3864 1400 3918 diversa

238 3959 340 4012 allcrt
359 3960 527 4015 clemente:
552 3961 641 4028 Ζῆνα
658 3961 831 4029 irrepuitxal
854 3954 977 4014 Xdo'ra
998 3959 1054 4011 aad
1075 3950 1293 4035 Κρόνον-(ιιι.
1308 3945 1402 4023 Χρό-

241 4050 325 4112 νον),
343 4047 443 4112 iguem
460 4054 492 4099 et
509 4055 622 4099 terram
640 4054 672 4099 et
689 4054 808 4115 tompus
826 4042 1033 4115 significante
1050 4054 1082 4106 ct
1098 4058 1168 4097 case
1184 4041 1328 4101 aethera,
1350 4037 1401 4105 qui

240 4140 346 4198 regat,
361 4140 486 4197 terrum,
504 4150 579 4201 quoe
592 4141 734 4200 regatur,
747 4141 880 4202 tempus,
892 4136 920 4187 ia
933 4149 992 4202 quo
1004 4130 1158 4183 universa
1171 4141 1244 4196 para
1258 4123 1402 4177 saedere·

241 4220 705 4285 tur(scr.aetbermoderctur).

309 4304 350 4369 27)
369 4303 422 4355 sut
433 4321 503 4357 soce.
514 4299 664 4369 Ἤκουσας,
677 4305 823 4376 ἱστορῆσαι
838 4312 865 4357 et
877 4297 1041 4375 συγγράφω.

309 4389 352 4457 28)
370 4388 470 4457 From.
483 4390 572 4443 btstor.
585 4389 705 4444 Graecor.
718 4388 728 4444 1
741 4406 766 4460 p.
775 4387 922 4444 mma.
