2962 4808
721 620 780 683 ttld

644 704 847 717 —-

169 805 303 887 equidem
316 825 364 869 me
375 825 535 888 agnoscere
549 827 610 873 non
623 828 714 891 posse
729 808 785 871 iam
798 826 889 890 supra
900 805 1070 890 significavi,
1084 815 1115 870 et
1125 813 1238 888 patrem
1249 803 1330 868 lruue

169 907 314 972 Echidnae
336 909 373 972 ah
389 910 519 974 llesiodo
540 922 695 994 propterca
716 921 830 977 tantum
850 910 951 975 clatum
970 931 1038 974 csse
1053 911 1156 988 medo,
1178 908 1258 991 quod
1278 907 1329 989 qui

169 1013 241 1074 dem
256 1011 428 1076 immanium
445 1015 473 1076 in
489 1014 563 1077 mari
579 1027 783 1079 monstrorum
799 1014 939 1078 dominus
954 1022 1045 1090 essct,
1061 1012 1124 1096 ipsc
1139 1030 1257 1095 quoque
1272 1011 1329 1074 irn-

170 1116 263 1178 manis
283 1129 311 1178 et
329 1116 365 1178 ad
386 1118 567 1199 procreanda
585 1118 733 1183 eiusmodi
748 1127 882 1182 monstra
897 1118 1053 1199 praecipuo
1067 1126 1154 1198 aptus
1169 1135 1235 1178 csse
1249 1113 1330 1176 virle·

170 1227 259 1281 retur.
284 1218 479 1283 consensisse
497 1228 594 1284 autem
615 1224 652 1286 de
667 1222 814 1285 Echidnae
829 1220 999 1304 parentibus
1014 1239 1081 1283 cum
1098 1218 1228 1282 Hesiodo
1243 1216 1330 1280 ctiam

170 1320 352 1402 t‘trereephn
369 1342 404 1384 ex
420 1322 567 1405 Apollonii
582 1325 739 1389 scholiasta
754 1325 789 1388 ad
805 1325 840 1400 ll,
861 1322 941 1387 12l8
957 1323 1175 1404 cognoscimus.

253 1425 294 1488 lle
313 1425 464 1490 lllrirnaera
485 1427 544 1490 iarn
565 1448 654 1511 supra
680 1428 737 1492 dixi
758 1427 912 1492 nonsatis
937 1427 1059 1509 liquere,
1083 1435 1180 1489 utrum
1200 1420 1331 1486 Echidna

168 1548 232 1591 earm
247 1546 285 1591 ah
301 1529 392 1611 hydra
408 1531 535 1595 Lemana
552 1542 651 1595 natam
667 1540 754 1615 proeta
765 1531 845 1595 relit:
861 1530 929 1595 illud
946 1528 1155 1593 ascensorios
1171 1547 1238 1591 esse
1249 1525 1331 1589 vide-

169 1642 217 1694 tm·
231 1642 353 1716 propter
368 1634 552 1698 consimilem
568 1635 720 1718 utriusque
734 1648 868 1700 naturam
884 1635 1056 1717 mediumque
1071 1631 1330 1716 propinquitatem.

170 1735 245 1799 Nara
266 1736 296 1799 iu
316 1736 415 1818 Lycia,
439 1737 516 1800 haud
538 1739 640 1821 procul
665 1739 702 1802 ah
721 1740 843 1812 hriuris.
868 1738 1051 1802 Chimaeram
1077 1736 1169 1799 hrissc
1189 1741 1331 1799 constans

172 1843 246 1901 tharra
266 1848 325 1912 est,
346 1839 429 1903 cuius
449 1840 506 1903 iarn
528 1841 689 1906 llomerum
710 1852 814 1906 testem
830 1842 973 1906 habemus
992 1841 1024 1903 ll.
1041 1839 1086 1902 l'l.
1111 1839 1184 1914 179,
1205 1838 1332 1920 itemque

171 1941 248 2015 xm,
262 1942 337 2018 328,
358 1943 408 2006 ubl
423 1943 469 2006 illa
485 1944 610 2007 errrrtrita
625 1965 691 2007 esse
706 1945 812 2009 dicitur
826 1944 862 2007 ah
874 1943 1064 2018 Audendum,
1082 1942 1166 2006 euius
1178 1941 1241 2015 lilii,
1261 1943 1331 2024 Aty-

172 2045 271 2107 mnius
286 2055 315 2108 et
326 2046 422 2119 liaris,
438 2047 514 2109 bello
526 2047 656 2111 Troiano
669 2049 793 2112 militant
806 2049 836 2111 in
848 2046 1030 2129 Sarpedonis
1042 2045 1190 2110 comitatu.
1218 2046 1255 2108 Et
1268 2065 1331 2108 me-

172 2158 307 2212 moratur
321 2149 409 2212 retiam
425 2149 568 2232 oppidum
579 2151 690 2233 Lyciae,
705 2143 810 2227 Δνεῦς
822 2150 960 2224 nomine,
976 2149 1026 2212 uhi
1041 2168 1104 2211 eam
1120 2149 1270 2212 educatam
1285 2148 1332 2211 di-

172 2257 355 2332 sermon),
386 2253 542 2335 ipsamque
565 2273 676 2318 nomen
700 2254 869 2317 Chimaerae
892 2251 1057 2316 diutissime
1081 2252 1175 2316 haesit
1200 2250 1332 2316 saucibus
1414 2295 1417 2301 -

171 2354 347 2434 qarilrusdam
364 2375 458 2437 prope
472 2359 596 2438 Cragum
611 2367 640 2419 et
654 2357 858 2438 hrrticragum
877 2356 981 2438 lasiae
996 2365 1126 2431 montes,
1141 2356 1191 2419 uhi
1206 2365 1333 2419 crateres

171 2457 241 2520 olim
257 2456 396 2538 ignivomi
413 2459 503 2520 luisse
517 2462 791 2537 naenaocorrtur⁴²).
826 2459 883 2533 Qui
899 2458 1032 2523 sabulosa
1047 2459 1167 2522 nomina
1184 2458 1282 2522 omnia
1297 2477 1333 2521 ex

120 2566 151 2620 tt
173 2561 351 2623 Graecorum
375 2579 513 2624 somnone
533 2560 667 2644 explicari
688 2562 795 2626 dehere
818 2569 965 2635 statuum,
991 2562 1047 2625 hos
1067 2580 1129 2624 non
1148 2562 1257 2625 mirum
1276 2570 1332 2634 est,

173 2655 345 2747 Χίμαιραν
369 2663 405 2725 de
429 2658 597 2748 χειμάρρῳ
624 2665 831 2745 interpretatos
856 2671 999 2741 esseest),
1030 2665 1137 2746 qrribus
1167 2665 1333 2728 assentiens
1406 2654 1409 2660 ¹

175 2762 360 2827 llenaannus
380 2766 467 2827 etiam
487 2765 689 2828 harisodari
709 2784 819 2829 nomen
839 2785 976 2847 graecum
995 2787 1062 2830 csse
1077 2767 1149 2842 vult,
1168 2766 1333 2848 Perpeti-

175 2866 341 2941 rastium‚
360 2868 486 2931 arechis
502 2861 586 2951 δέρω
601 2879 630 2931 ιιι
643 2861 725 2948 μίαν,
746 2870 827 2950 quod
842 2871 856 2932 l
858 2869 1002 2931 ludendi
1022 2868 1264 2949 significationem
1280 2870 1333 2932 lra-

173 2969 255 3041 here‚
270 2989 304 3030 ex
320 2988 414 3051 eoque
432 2962 543 3050 μίτος,
564 2964 724 3051 μίνυνθα,
746 2965 867 3055 μικρός
887 2981 916 3034 ιιι
935 2971 1037 3053 oppidi
1057 2990 1175 3053 quoque
1192 2962 1334 3051 Ἀμίσου

173 3089 283 3133 nornen
299 3073 370 3135 lacta
386 3093 452 3135 esse
467 3084 558 3154 putat.
589 3076 650 3153 ligo
666 3074 768 3156 Lyciae
787 3074 917 3154 regionis
937 3083 966 3136 et
980 3073 1057 3153 regis
1073 3074 1192 3137 nomina
1207 3093 1224 3137 a
1239 3073 1333 3156 Lyciis

173 3174 208 3235 ad
224 3175 352 3238 Graecos
369 3176 507 3238 translata
522 3197 587 3239 esse
603 3176 792 3252 crediderim,
808 3177 844 3239 de
857 3195 984 3259 quorum
1000 3175 1212 3256 significatione
1226 3177 1334 3240 certius

175 3277 294 3342 iudicari
310 3279 435 3361 posthac
456 3279 581 3343 sortasse
600 3280 722 3362 poterit,
742 3278 767 3342 sl
788 3279 931 3342 maiorem
950 3278 1065 3360 linguae
1080 3278 1235 3361 Lyciorum
1253 3278 1334 3342 noti·

175 3381 244 3444 tiam
264 3401 299 3444 ex
316 3384 517 3447 naorrunrentis
537 3383 732 3448 hauserimus.
762 3382 882 3447 Interim
903 3382 939 3446 do
954 3382 1106 3446 Chimaera
1127 3380 1252 3445 dubitari
1272 3398 1334 3444 non

174 3503 264 3564 posse
279 3485 405 3562 videtur,
427 3486 497 3568 quio
512 3507 546 3550 ea
561 3486 673 3568 ignium
690 3489 747 3550 rinc
763 3487 907 3568 signilioct
921 3507 956 3550 ex
971 3485 1118 3550 montium
1134 3483 1334 3549 cacuminibus

177 3605 284 3669 rrraguo
301 3609 367 3651 eom
384 3591 499 3672 irriger-e
514 3601 732 3673 emmpentem,
747 3609 806 3654 una
822 3610 890 3654 cunr
910 3591 979 3654 rivis
993 3589 1143 3671 sulphuris
1162 3605 1267 3651 arenae
1285 3607 1335 3651 sa·

175 3707 337 3771 xorurncpae
351 3691 573 3773 liapueiactoium
586 3692 715 3756 indidem
730 3693 838 3773 egestis
853 3710 1047 3775 magnamquc
1061 3710 1149 3774 saepo
1163 3707 1334 3771 camporuma

244 3932 286 3998 ll)
300 3933 410 4003 lltpmol.
424 3932 456 3986 ll.
471 3951 494 4003 p.
507 3934 562 4000 tao,
576 3934 617 3987 ll.

244 4017 285 4082 42)
297 4019 403 4073 limones
416 4021 540 4072 lliceonus
552 4021 627 4072 etiam
640 4037 686 4073 sua
698 4029 796 4090 aetate,
812 4022 836 4074 la.
846 4037 870 4074 e.
883 4027 912 4074 ut
922 4021 1036 4090 videtur,
1052 4018 1154 4073 maculo
1166 4034 1189 4088 p.
1198 4015 1256 4070 Chr.
1270 4033 1335 4069 nono

176 4109 221 4153 not
232 4103 334 4168 deciam,
349 4106 409 4157 illud
422 4123 510 4157 nomen
523 4107 587 4174 epod
600 4105 693 4175 Lycios
705 4115 851 4176 usurpaturo
863 4123 921 4159 csse
935 4115 1046 4160 testatur
1057 4122 1081 4174 p.
1092 4105 1155 4157 465:
1173 4105 1289 4174 Εἴρηται
1303 4101 1333 4154 dl

178 4187 222 4238 καί
235 4190 411 4263 ,ίιικηγινίιῃ
424 4185 582 4262 ἀνθρώπῳ,
599 4189 669 4263 ίμοῦ
687 4189 776 4258 clides
788 4186 873 4246 αὐτὸν
889 4184 1091 4262 ἐρωτήσαντος,
1109 4190 1134 4244 el
1148 4187 1223 4242 loris
1240 4182 1295 4258 ἄρα
1306 4184 1337 4241 ίν

177 4276 273 4342 Λυκία
287 4275 333 4340 τῆς
346 4280 489 4346 Χιμαίρας
500 4273 595 4342 ιόιιος,
609 4276 639 4331 lv
651 4263 673 4348 ql
685 4278 775 4349 ιρασίν
786 4273 873 4346 αὐτὴν
882 4276 1044 4348 διατρίβειν,
1056 4272 1095 4336 ὤς
1106 4273 1165 4329 ἔστι
1176 4272 1231 4347 μίν
1242 4267 1274 4326 τὸ
1286 4289 1336 4325 ιια-

177 4351 314 4429 λούμενοι
331 4364 460 4433 Χίμαιρα
479 4366 600 4435 χωρίον,
622 4362 653 4419 ίν
673 4351 751 4437 ᾧπερ
764 4363 888 4428 distahein
903 4360 955 4432 τὴν
969 4359 1120 4419 θάλασσαν
1139 4359 1219 4417 alnes
1234 4357 1338 4419 ἐκεῖνος

176 4440 298 4498 ἀκοῦσαί
309 4464 386 4513 nora,
398 4450 443 4500 αα)
456 4450 600 4505 ιιοίλιινσίν
613 4467 674 4506 τινα
683 4453 722 4521 agi
734 4447 814 4522 ao'n'p
826 4451 992 4524 ἐμποιῆσαι,
1004 4444 1039 4520 ἣν
1049 4445 1085 4520 δή
1097 4450 1242 4505 noemma
1253 4448 1282 4501 oi
1293 4445 1338 4518 ly.

172 4525 275 4606 κύριοι
291 4537 436 4605 Χίμαιραν
448 4532 718 4608 προσαγορεύουσιν.
1119 4527 1121 4532 ⁷

244 4620 287 4688 ld)
300 4619 358 4674 Vid.
369 4622 448 4674 schol.
462 4623 544 4689 theog.
556 4639 582 4676 v.
593 4623 652 4679 tto.
675 4623 761 4679 locun.
774 4626 844 4680 lliac.
853 4626 872 4680 l.
884 4626 902 4680 l.
