<?xml version="1.0" encoding="UTF-8"?>
<!DOCTYPE html PUBLIC "-//W3C//DTD XHTML 1.0 Transitional//EN"
    "http://www.w3.org/TR/xhtml1/DTD/xhtml1-transitional.dtd">
<html xmlns="http://www.w3.org/1999/xhtml" xml:lang="en" lang="en">
 <head>
  <title>
</title>
<meta http-equiv="Content-Type" content="text/html;charset=utf-8" />
  <meta name='ocr-system' content='tesseract 3.04.00' />
  <meta name='ocr-capabilities' content='ocr_page ocr_carea ocr_par ocr_line ocrx_word'/>
</head>
<body>
  <div class='ocr_page' id='page_1' title='image "./opusculaacademi03schgoog_0235.png"; bbox 0 0 2962 4808; ppageno 0'>
   <div class='ocr_carea' id='block_1_1' title="bbox 625 469 687 534">
    <p class='ocr_par' dir='ltr' id='par_1_1' title="bbox 625 469 687 534">
     <span class='ocr_line' id='line_1_1' title="bbox 625 469 687 534; baseline -0.032 0"><span class='ocrx_word' id='word_1_1' title='bbox 625 469 687 534; x_wconf 79' lang='lat'><strong>225</strong></span> 
     </span>
    </p>
   </div>
   <div class='ocr_carea' id='block_1_2' title="bbox 75 647 1291 4217">
    <p class='ocr_par' dir='ltr' id='par_1_2' title="bbox 75 647 1291 4217">
     <span class='ocr_line' id='line_1_2' title="bbox 76 647 1239 742; baseline -0.004 -21"><span class='ocrx_word' id='word_1_2' title='bbox 76 678 166 741; x_wconf 92' lang='lat' dir='ltr'><strong>pauca</strong></span> <span class='ocrx_word' id='word_1_3' title='bbox 178 658 207 720; x_wconf 91' lang='lat' dir='ltr'><strong>in</strong></span> <span class='ocrx_word' id='word_1_4' title='bbox 220 657 364 740; x_wconf 51' lang='lat' dir='ltr'><strong>Odyssea</strong></span> <span class='ocrx_word' id='word_1_5' title='bbox 379 659 408 722; x_wconf 96' lang='lat' dir='ltr'><strong>in</strong></span> <span class='ocrx_word' id='word_1_6' title='bbox 422 660 577 742; x_wconf 82' lang='lat' dir='ltr'><strong>theogonia</strong></span> <span class='ocrx_word' id='word_1_7' title='bbox 589 672 686 726; x_wconf 85' lang='lat' dir='ltr'><strong>autern</strong></span> <span class='ocrx_word' id='word_1_8' title='bbox 698 662 786 724; x_wconf 90' lang='lat' dir='ltr'><strong>etiam</strong></span> <span class='ocrx_word' id='word_1_9' title='bbox 799 660 873 722; x_wconf 81' lang='lat' dir='ltr'><strong>inira</strong></span> <span class='ocrx_word' id='word_1_10' title='bbox 884 657 997 741; x_wconf 81' lang='lat' dir='ltr'><strong>legitur,</strong></span> <span class='ocrx_word' id='word_1_11' title='bbox 1011 678 1038 720; x_wconf 84' lang='lat' dir='ltr'><strong>r.</strong></span> <span class='ocrx_word' id='word_1_12' title='bbox 1047 657 1121 730; x_wconf 76' lang='grc'><strong>038,</strong></span> <span class='ocrx_word' id='word_1_13' title='bbox 1137 647 1239 740; x_wconf 65' lang='grc' dir='ltr'><em>Μαίη</em></span> 
     </span>
     <span class='ocr_line' id='line_1_3' title="bbox 75 753 1239 848; baseline -0.005 -24"><span class='ocrx_word' id='word_1_14' title='bbox 75 758 149 825; x_wconf 79' lang='grc' dir='ltr'><em>τέκε</em></span> <span class='ocrx_word' id='word_1_15' title='bbox 179 753 320 841; x_wconf 75' lang='grc' dir='ltr'><em>κύδιμον</em></span> <span class='ocrx_word' id='word_1_16' title='bbox 346 753 475 848; x_wconf 75' lang='grc' dir='ltr'><em>Ἑρμῆν.</em></span> <span class='ocrx_word' id='word_1_17' title='bbox 512 765 688 828; x_wconf 77' lang='lat' dir='ltr'><strong>Mercurium</strong></span> <span class='ocrx_word' id='word_1_18' title='bbox 715 765 802 827; x_wconf 92' lang='lat' dir='ltr'><strong>deum</strong></span> <span class='ocrx_word' id='word_1_19' title='bbox 830 763 1005 844; x_wconf 90' lang='lat' dir='ltr'><strong>pastoralem</strong></span> <span class='ocrx_word' id='word_1_20' title='bbox 1033 761 1123 824; x_wconf 85' lang='lat' dir='ltr'><strong>luisse</strong></span> <span class='ocrx_word' id='word_1_21' title='bbox 1149 778 1239 821; x_wconf 84' lang='lat' dir='ltr'><strong>nerrro</strong></span> 
     </span>
     <span class='ocr_line' id='line_1_4' title="bbox 76 862 1241 946; baseline -0.003 -20"><span class='ocrx_word' id='word_1_22' title='bbox 76 865 200 946; x_wconf 79' lang='lat' dir='ltr'><strong>ignorat.</strong></span> <span class='ocrx_word' id='word_1_23' title='bbox 231 865 325 945; x_wconf 76' lang='lat' dir='ltr'><strong>Atque</strong></span> <span class='ocrx_word' id='word_1_24' title='bbox 346 867 421 930; x_wconf 86' lang='lat' dir='ltr'><strong>sieut</strong></span> <span class='ocrx_word' id='word_1_25' title='bbox 441 866 528 929; x_wconf 79' lang='lat' dir='ltr'><strong>liuius</strong></span> <span class='ocrx_word' id='word_1_26' title='bbox 549 867 578 929; x_wconf 93' lang='lat' dir='ltr'><strong>in</strong></span> <span class='ocrx_word' id='word_1_27' title='bbox 598 868 657 930; x_wconf 89' lang='lat' dir='ltr'><strong>hoc</strong></span> <span class='ocrx_word' id='word_1_28' title='bbox 676 886 798 929; x_wconf 89' lang='lat' dir='ltr'><strong>nurnero</strong></span> <span class='ocrx_word' id='word_1_29' title='bbox 818 865 896 928; x_wconf 81' lang='lat' dir='ltr'><strong>socia</strong></span> <span class='ocrx_word' id='word_1_30' title='bbox 917 886 984 927; x_wconf 88' lang='lat' dir='ltr'><strong>esse</strong></span> <span class='ocrx_word' id='word_1_31' title='bbox 1000 864 1105 926; x_wconf 89' lang='lat' dir='ltr'><strong>llerate</strong></span> <span class='ocrx_word' id='word_1_32' title='bbox 1125 862 1241 934; x_wconf 86' lang='lat' dir='ltr'><strong>dicitnr,</strong></span> 
     </span>
     <span class='ocr_line' id='line_1_5' title="bbox 76 966 1291 1051; baseline -0.004 -22"><span class='ocrx_word' id='word_1_33' title='bbox 76 977 104 1029; x_wconf 90' lang='lat' dir='ltr'><strong>et</strong></span> <span class='ocrx_word' id='word_1_34' title='bbox 119 967 215 1050; x_wconf 89' lang='lat' dir='ltr'><strong>paullo</strong></span> <span class='ocrx_word' id='word_1_35' title='bbox 232 977 299 1031; x_wconf 91' lang='lat' dir='ltr'><strong>ante</strong></span> <span class='ocrx_word' id='word_1_36' title='bbox 314 968 344 1031; x_wconf 90' lang='lat' dir='ltr'><strong>io</strong></span> <span class='ocrx_word' id='word_1_37' title='bbox 359 969 554 1051; x_wconf 78' lang='lat' dir='ltr'><strong>navigantium</strong></span> <span class='ocrx_word' id='word_1_38' title='bbox 572 971 658 1033; x_wconf 89' lang='lat' dir='ltr'><strong>tutela</strong></span> <span class='ocrx_word' id='word_1_39' title='bbox 674 968 811 1051; x_wconf 76' lang='lat' dir='ltr'><strong>Neptuni.</strong></span> <span class='ocrx_word' id='word_1_40' title='bbox 831 968 874 1030; x_wconf 89' lang='lat' dir='ltr'><strong>sio</strong></span> <span class='ocrx_word' id='word_1_41' title='bbox 887 969 974 1030; x_wconf 88' lang='lat' dir='ltr'><strong>etiarn</strong></span> <span class='ocrx_word' id='word_1_42' title='bbox 991 967 1020 1028; x_wconf 93' lang='lat' dir='ltr'><strong>iu</strong></span> <span class='ocrx_word' id='word_1_43' title='bbox 1036 966 1150 1037; x_wconf 84' lang='lat' dir='ltr'><strong>ceteris,</strong></span> <span class='ocrx_word' id='word_1_44' title='bbox 1165 984 1240 1044; x_wconf 88' lang='lat' dir='ltr'><strong>quae</strong></span> <span class='ocrx_word' id='word_1_45' title='bbox 1263 973 1291 1025; x_wconf 89' lang='lat' dir='ltr'><strong>u</strong></span> 
     </span>
     <span class='ocr_line' id='line_1_6' title="bbox 77 1067 1241 1151; baseline -0.002 -21"><span class='ocrx_word' id='word_1_46' title='bbox 77 1088 165 1151; x_wconf 90' lang='lat' dir='ltr'><strong>supra</strong></span> <span class='ocrx_word' id='word_1_47' title='bbox 185 1080 416 1133; x_wconf 84' lang='lat' dir='ltr'><strong>commemorata</strong></span> <span class='ocrx_word' id='word_1_48' title='bbox 437 1082 520 1146; x_wconf 90' lang='lat' dir='ltr'><strong>sunt,</strong></span> <span class='ocrx_word' id='word_1_49' title='bbox 540 1072 679 1134; x_wconf 87' lang='lat' dir='ltr'><strong>onmibus</strong></span> <span class='ocrx_word' id='word_1_50' title='bbox 698 1070 743 1133; x_wconf 92' lang='lat' dir='ltr'><strong>alii</strong></span> <span class='ocrx_word' id='word_1_51' title='bbox 765 1069 883 1151; x_wconf 85' lang='lat' dir='ltr'><strong>quidam</strong></span> <span class='ocrx_word' id='word_1_52' title='bbox 898 1068 945 1131; x_wconf 92' lang='lat' dir='ltr'><strong>dei</strong></span> <span class='ocrx_word' id='word_1_53' title='bbox 961 1069 1107 1131; x_wconf 84' lang='lat' dir='ltr'><strong>nonrinari</strong></span> <span class='ocrx_word' id='word_1_54' title='bbox 1123 1067 1241 1148; x_wconf 81' lang='lat' dir='ltr'><strong>pmtuis·</strong></span> 
     </span>
     <span class='ocr_line' id='line_1_7' title="bbox 78 1168 1241 1252; baseline -0.004 -20"><span class='ocrx_word' id='word_1_55' title='bbox 78 1179 160 1244; x_wconf 70' lang='lat' dir='ltr'><strong>sient,</strong></span> <span class='ocrx_word' id='word_1_56' title='bbox 181 1191 309 1252; x_wconf 88' lang='lat' dir='ltr'><strong>quorum</strong></span> <span class='ocrx_word' id='word_1_57' title='bbox 328 1172 374 1234; x_wconf 93' lang='lat' dir='ltr'><strong>illa</strong></span> <span class='ocrx_word' id='word_1_58' title='bbox 394 1192 551 1237; x_wconf 89' lang='lat' dir='ltr'><strong>ruunerum</strong></span> <span class='ocrx_word' id='word_1_59' title='bbox 571 1173 740 1236; x_wconf 64' lang='lat' dir='ltr'><strong>carcianum</strong></span> <span class='ocrx_word' id='word_1_60' title='bbox 761 1173 894 1245; x_wconf 77' lang='lat' dir='ltr'><strong>liaberet,</strong></span> <span class='ocrx_word' id='word_1_61' title='bbox 910 1171 988 1232; x_wconf 86' lang='lat' dir='ltr'><strong>relrrt</strong></span> <span class='ocrx_word' id='word_1_62' title='bbox 1003 1170 1033 1232; x_wconf 91' lang='lat' dir='ltr'><strong>iu</strong></span> <span class='ocrx_word' id='word_1_63' title='bbox 1048 1168 1241 1233; x_wconf 73' lang='lat' dir='ltr'><strong>concionibus</strong></span> 
     </span>
     <span class='ocr_line' id='line_1_8' title="bbox 78 1265 1240 1358; baseline -0.004 -23"><span class='ocrx_word' id='word_1_64' title='bbox 78 1273 227 1345; x_wconf 77' lang='lat' dir='ltr'><strong>Mercurii,</strong></span> <span class='ocrx_word' id='word_1_65' title='bbox 257 1274 307 1353; x_wconf 90' lang='lat' dir='ltr'><strong>qui</strong></span> <span class='ocrx_word' id='word_1_66' title='bbox 331 1265 487 1358; x_wconf 76' lang='grc' dir='ltr'><strong>ἀγοραῖος</strong></span> <span class='ocrx_word' id='word_1_67' title='bbox 511 1277 686 1357; x_wconf 85' lang='lat' dir='ltr'><strong>appellatur,</strong></span> <span class='ocrx_word' id='word_1_68' title='bbox 713 1275 743 1336; x_wconf 92' lang='lat' dir='ltr'><strong>in</strong></span> <span class='ocrx_word' id='word_1_69' title='bbox 766 1273 880 1336; x_wconf 84' lang='lat' dir='ltr'><strong>iudiciis</strong></span> <span class='ocrx_word' id='word_1_70' title='bbox 905 1273 1056 1336; x_wconf 83' lang='lat' dir='ltr'><strong>Themidis</strong></span> <span class='ocrx_word' id='word_1_71' title='bbox 1079 1281 1130 1334; x_wconf 92' lang='lat' dir='ltr'><strong>aut</strong></span> <span class='ocrx_word' id='word_1_72' title='bbox 1152 1270 1240 1342; x_wconf 84' lang='lat' dir='ltr'><strong>loris,</strong></span> 
     </span>
     <span class='ocr_line' id='line_1_9' title="bbox 78 1372 1241 1450; baseline -0.002 -14"><span class='ocrx_word' id='word_1_73' title='bbox 78 1375 108 1437; x_wconf 90' lang='lat' dir='ltr'><strong>in</strong></span> <span class='ocrx_word' id='word_1_74' title='bbox 128 1374 210 1438; x_wconf 88' lang='lat' dir='ltr'><strong>bellis</strong></span> <span class='ocrx_word' id='word_1_75' title='bbox 224 1374 324 1439; x_wconf 82' lang='lat' dir='ltr'><strong>llartis</strong></span> <span class='ocrx_word' id='word_1_76' title='bbox 342 1395 377 1440; x_wconf 89' lang='lat' dir='ltr'><strong>ac</strong></span> <span class='ocrx_word' id='word_1_77' title='bbox 390 1376 548 1450; x_wconf 84' lang='lat' dir='ltr'><strong>dlinerrae,</strong></span> <span class='ocrx_word' id='word_1_78' title='bbox 567 1378 597 1439; x_wconf 90' lang='lat' dir='ltr'><strong>in</strong></span> <span class='ocrx_word' id='word_1_79' title='bbox 618 1376 739 1439; x_wconf 81' lang='lat' dir='ltr'><strong>ludicris</strong></span> <span class='ocrx_word' id='word_1_80' title='bbox 759 1375 966 1439; x_wconf 75' lang='lat' dir='ltr'><strong>certaminibus</strong></span> <span class='ocrx_word' id='word_1_81' title='bbox 986 1394 1092 1437; x_wconf 83' lang='lat' dir='ltr'><strong>rursus</strong></span> <span class='ocrx_word' id='word_1_82' title='bbox 1105 1372 1241 1436; x_wconf 86' lang='lat' dir='ltr'><strong>llercurii</strong></span> 
     </span>
     <span class='ocr_line' id='line_1_10' title="bbox 79 1468 1242 1560; baseline -0.003 -21"><span class='ocrx_word' id='word_1_83' title='bbox 79 1468 265 1560; x_wconf 73' lang='grc' dir='ltr'><em>ἐναγωνίου,</em></span> <span class='ocrx_word' id='word_1_84' title='bbox 281 1478 311 1541; x_wconf 95' lang='lat' dir='ltr'><strong>in</strong></span> <span class='ocrx_word' id='word_1_85' title='bbox 323 1496 356 1542; x_wconf 86' lang='lat' dir='ltr'><strong>rc</strong></span> <span class='ocrx_word' id='word_1_86' title='bbox 367 1480 495 1560; x_wconf 75' lang='lat' dir='ltr'><strong>equestri</strong></span> <span class='ocrx_word' id='word_1_87' title='bbox 506 1479 634 1560; x_wconf 79' lang='lat' dir='ltr'><strong>Neptuni</strong></span> <span class='ocrx_word' id='word_1_88' title='bbox 645 1488 697 1542; x_wconf 86' lang='lat' dir='ltr'><strong>aut</strong></span> <span class='ocrx_word' id='word_1_89' title='bbox 707 1479 860 1551; x_wconf 85' lang='lat' dir='ltr'><strong>llinerrae,</strong></span> <span class='ocrx_word' id='word_1_90' title='bbox 877 1477 907 1540; x_wconf 90' lang='lat' dir='ltr'><strong>io</strong></span> <span class='ocrx_word' id='word_1_91' title='bbox 918 1488 1024 1539; x_wconf 82' lang='lat' dir='ltr'><strong>venatu</strong></span> <span class='ocrx_word' id='word_1_92' title='bbox 1037 1477 1152 1548; x_wconf 72' lang='lat' dir='ltr'><strong>Dnnae,</strong></span> <span class='ocrx_word' id='word_1_93' title='bbox 1167 1493 1242 1556; x_wconf 87' lang='lat' dir='ltr'><strong>quaa</strong></span> 
     </span>
     <span class='ocr_line' id='line_1_11' title="bbox 80 1576 1242 1662; baseline -0.003 -21"><span class='ocrx_word' id='word_1_94' title='bbox 80 1579 199 1660; x_wconf 88' lang='lat' dir='ltr'><strong>quidem</strong></span> <span class='ocrx_word' id='word_1_95' title='bbox 220 1598 259 1642; x_wconf 91' lang='lat' dir='ltr'><strong>ne</strong></span> <span class='ocrx_word' id='word_1_96' title='bbox 277 1580 314 1643; x_wconf 79' lang='lat' dir='ltr'><strong>alr</strong></span> <span class='ocrx_word' id='word_1_97' title='bbox 334 1582 477 1662; x_wconf 86' lang='lat' dir='ltr'><strong>equestris</strong></span> <span class='ocrx_word' id='word_1_98' title='bbox 497 1581 616 1662; x_wconf 86' lang='lat' dir='ltr'><strong>quidem</strong></span> <span class='ocrx_word' id='word_1_99' title='bbox 637 1581 678 1643; x_wconf 89' lang='lat' dir='ltr'><strong>rei</strong></span> <span class='ocrx_word' id='word_1_100' title='bbox 699 1599 769 1644; x_wconf 91' lang='lat' dir='ltr'><strong>cura</strong></span> <span class='ocrx_word' id='word_1_101' title='bbox 783 1580 971 1652; x_wconf 69' lang='lat' dir='ltr'><strong>abhorreret,</strong></span> <span class='ocrx_word' id='word_1_102' title='bbox 985 1588 1018 1641; x_wconf 92' lang='lat' dir='ltr'><strong>ut</strong></span> <span class='ocrx_word' id='word_1_103' title='bbox 1032 1588 1102 1640; x_wconf 86' lang='lat' dir='ltr'><strong>sunt</strong></span> <span class='ocrx_word' id='word_1_104' title='bbox 1116 1576 1242 1639; x_wconf 88' lang='lat' dir='ltr'><strong>omnino</strong></span> 
     </span>
     <span class='ocr_line' id='line_1_12' title="bbox 80 1678 1245 1759; baseline -0.004 -15"><span class='ocrx_word' id='word_1_105' title='bbox 80 1683 204 1744; x_wconf 87' lang='lat' dir='ltr'><strong>deorum</strong></span> <span class='ocrx_word' id='word_1_106' title='bbox 220 1700 342 1743; x_wconf 87' lang='lat' dir='ltr'><strong>munera</strong></span> <span class='ocrx_word' id='word_1_107' title='bbox 354 1700 415 1744; x_wconf 94' lang='lat' dir='ltr'><strong>non</strong></span> <span class='ocrx_word' id='word_1_108' title='bbox 427 1681 517 1743; x_wconf 83' lang='lat' dir='ltr'><strong>nimis</strong></span> <span class='ocrx_word' id='word_1_109' title='bbox 533 1682 621 1744; x_wconf 85' lang='lat' dir='ltr'><strong>certis</strong></span> <span class='ocrx_word' id='word_1_110' title='bbox 638 1681 745 1744; x_wconf 81' lang='lat' dir='ltr'><strong>finibus</strong></span> <span class='ocrx_word' id='word_1_111' title='bbox 760 1679 982 1759; x_wconf 83' lang='lat' dir='ltr'><strong>circumscripta</strong></span> <span class='ocrx_word' id='word_1_112' title='bbox 996 1689 1025 1741; x_wconf 90' lang='lat' dir='ltr'><strong>et</strong></span> <span class='ocrx_word' id='word_1_113' title='bbox 1040 1679 1116 1742; x_wconf 86' lang='lat' dir='ltr'><strong>inter</strong></span> <span class='ocrx_word' id='word_1_114' title='bbox 1130 1697 1163 1740; x_wconf 82' lang='lat' dir='ltr'><strong>se</strong></span> <span class='ocrx_word' id='word_1_115' title='bbox 1177 1678 1245 1740; x_wconf 78' lang='lat' dir='ltr'><strong>dia·</strong></span> 
     </span>
     <span class='ocr_line' id='line_1_13' title="bbox 80 1779 1243 1862; baseline -0.003 -18"><span class='ocrx_word' id='word_1_116' title='bbox 80 1783 241 1845; x_wconf 87' lang='lat' dir='ltr'><strong>terminata.</strong></span> <span class='ocrx_word' id='word_1_117' title='bbox 275 1783 334 1845; x_wconf 87' lang='lat' dir='ltr'><strong>Sed</strong></span> <span class='ocrx_word' id='word_1_118' title='bbox 355 1783 406 1845; x_wconf 90' lang='lat' dir='ltr'><strong>uni</strong></span> <span class='ocrx_word' id='word_1_119' title='bbox 426 1783 549 1845; x_wconf 78' lang='lat' dir='ltr'><strong>Hecatae</strong></span> <span class='ocrx_word' id='word_1_120' title='bbox 568 1783 626 1845; x_wconf 88' lang='lat' dir='ltr'><strong>lroc</strong></span> <span class='ocrx_word' id='word_1_121' title='bbox 640 1783 740 1846; x_wconf 87' lang='lat' dir='ltr'><strong>datum</strong></span> <span class='ocrx_word' id='word_1_122' title='bbox 757 1790 817 1855; x_wconf 84' lang='lat' dir='ltr'><strong>est,</strong></span> <span class='ocrx_word' id='word_1_123' title='bbox 833 1790 866 1842; x_wconf 91' lang='lat' dir='ltr'><strong>ut</strong></span> <span class='ocrx_word' id='word_1_124' title='bbox 880 1780 1027 1862; x_wconf 83' lang='lat' dir='ltr'><strong>particeps</strong></span> <span class='ocrx_word' id='word_1_125' title='bbox 1044 1780 1083 1841; x_wconf 82' lang='lat' dir='ltr'><strong>sit</strong></span> <span class='ocrx_word' id='word_1_126' title='bbox 1096 1779 1243 1851; x_wconf 87' lang='lat' dir='ltr'><strong>omnium,</strong></span> 
     </span>
     <span class='ocr_line' id='line_1_14' title="bbox 80 1870 1246 1967; baseline -0.003 -21"><span class='ocrx_word' id='word_1_127' title='bbox 80 1884 241 1963; x_wconf 85' lang='lat' dir='ltr'><strong>habeatque</strong></span> <span class='ocrx_word' id='word_1_128' title='bbox 266 1870 366 1947; x_wconf 73' lang='lat' dir='ltr'><strong>aleae</strong></span> <span class='ocrx_word' id='word_1_129' title='bbox 391 1875 562 1961; x_wconf 80' lang='grc' dir='ltr'><em>ἁπάντων,</em></span> <span class='ocrx_word' id='word_1_130' title='bbox 591 1877 689 1947; x_wconf 77' lang='grc' dir='ltr'><em>ὅσσοι</em></span> <span class='ocrx_word' id='word_1_131' title='bbox 720 1873 822 1967; x_wconf 80' lang='grc' dir='ltr'><em>Γαίφς</em></span> <span class='ocrx_word' id='word_1_132' title='bbox 847 1901 884 1944; x_wconf 81' lang='grc' dir='ltr'><strong>τε</strong></span> <span class='ocrx_word' id='word_1_133' title='bbox 911 1876 969 1944; x_wconf 82' lang='grc' dir='ltr'><strong>καὶ</strong></span> <span class='ocrx_word' id='word_1_134' title='bbox 998 1871 1149 1964; x_wconf 78' lang='grc' dir='ltr'><em>Οδρανοῦ</em></span> <span class='ocrx_word' id='word_1_135' title='bbox 1173 1872 1246 1956; x_wconf 74' lang='grc' dir='ltr'><strong>ἐξε-</strong></span> 
     </span>
     <span class='ocr_line' id='line_1_15' title="bbox 80 1977 219 2064; baseline -0.007 -19"><span class='ocrx_word' id='word_1_136' title='bbox 80 1977 219 2064; x_wconf 79' lang='grc' dir='ltr'><em>γένοντο.</em></span> 
     </span>
     <span class='ocr_line' id='line_1_16' title="bbox 165 2084 1111 2168; baseline 0.001 -22"><span class='ocrx_word' id='word_1_137' title='bbox 165 2085 266 2148; x_wconf 84' lang='lat' dir='ltr'><strong>Finem</strong></span> <span class='ocrx_word' id='word_1_138' title='bbox 282 2086 353 2148; x_wconf 87' lang='lat' dir='ltr'><strong>deae</strong></span> <span class='ocrx_word' id='word_1_139' title='bbox 367 2086 528 2148; x_wconf 86' lang='lat' dir='ltr'><strong>laudandae</strong></span> <span class='ocrx_word' id='word_1_140' title='bbox 544 2095 630 2168; x_wconf 91' lang='lat' dir='ltr'><strong>poeta</strong></span> <span class='ocrx_word' id='word_1_141' title='bbox 644 2085 712 2148; x_wconf 90' lang='lat' dir='ltr'><strong>lacit</strong></span> <span class='ocrx_word' id='word_1_142' title='bbox 727 2085 773 2146; x_wconf 79' lang='lat' dir='ltr'><strong>nis</strong></span> <span class='ocrx_word' id='word_1_143' title='bbox 788 2084 933 2160; x_wconf 80' lang='lat' dir='ltr'><strong>versibus,</strong></span> <span class='ocrx_word' id='word_1_144' title='bbox 948 2085 1020 2147; x_wconf 80' lang='grc'><strong>448.</strong></span> <span class='ocrx_word' id='word_1_145' title='bbox 1035 2085 1111 2147; x_wconf 75' lang='lat' dir='ltr'><strong>tte:</strong></span> 
     </span>
     <span class='ocr_line' id='line_1_17' title="bbox 268 2179 1055 2272; baseline -0.001 -23"><span class='ocrx_word' id='word_1_146' title='bbox 268 2179 354 2250; x_wconf 72' lang='lat' dir='ltr'><strong>adro</strong></span> <span class='ocrx_word' id='word_1_147' title='bbox 375 2207 431 2250; x_wconf 88' lang='grc' dir='ltr'><strong>τοι</strong></span> <span class='ocrx_word' id='word_1_148' title='bbox 453 2182 512 2250; x_wconf 83' lang='grc' dir='ltr'><strong>καὶ</strong></span> <span class='ocrx_word' id='word_1_149' title='bbox 532 2182 729 2272; x_wconf 64' lang='grc' dir='ltr'><em>μουνογενὴς</em></span> <span class='ocrx_word' id='word_1_150' title='bbox 749 2179 786 2250; x_wconf 74' lang='grc' dir='ltr'><strong>ἐκ</strong></span> <span class='ocrx_word' id='word_1_151' title='bbox 807 2184 931 2272; x_wconf 79' lang='grc' dir='ltr'><em>μφτρδς</em></span> <span class='ocrx_word' id='word_1_152' title='bbox 951 2180 1055 2251; x_wconf 77' lang='grc' dir='ltr'><em>δοῦσα</em></span> 
     </span>
     <span class='ocr_line' id='line_1_18' title="bbox 269 2279 1068 2373; baseline 0.001 -24"><span class='ocrx_word' id='word_1_153' title='bbox 269 2285 358 2352; x_wconf 84' lang='grc' dir='ltr'><em>πᾶσι</em></span> <span class='ocrx_word' id='word_1_154' title='bbox 378 2279 452 2369; x_wconf 81' lang='grc' dir='ltr'><strong>μετ’</strong></span> <span class='ocrx_word' id='word_1_155' title='bbox 476 2279 681 2351; x_wconf 76' lang='grc' dir='ltr'><em>ἇθαισὶτοισι</em></span> <span class='ocrx_word' id='word_1_156' title='bbox 703 2279 877 2372; x_wconf 72' lang='grc' dir='ltr'><em>τετίμηται</em></span> <span class='ocrx_word' id='word_1_157' title='bbox 900 2283 1068 2373; x_wconf 76' lang='grc' dir='ltr'><em>γεράεσσι,</em></span> 
     </span>
     <span class='ocr_line' id='line_1_19' title="bbox 82 2389 1245 2472; baseline 0.001 -21"><span class='ocrx_word' id='word_1_158' title='bbox 82 2389 189 2472; x_wconf 72' lang='lat' dir='ltr'><strong>aquilius</strong></span> <span class='ocrx_word' id='word_1_159' title='bbox 208 2409 299 2470; x_wconf 88' lang='lat' dir='ltr'><strong>quum</strong></span> <span class='ocrx_word' id='word_1_160' title='bbox 322 2389 421 2453; x_wconf 89' lang='lat' dir='ltr'><strong>onmis</strong></span> <span class='ocrx_word' id='word_1_161' title='bbox 437 2389 484 2452; x_wconf 87' lang='lat' dir='ltr'><strong>lric</strong></span> <span class='ocrx_word' id='word_1_162' title='bbox 498 2391 581 2453; x_wconf 90' lang='lat' dir='ltr'><strong>locus</strong></span> <span class='ocrx_word' id='word_1_163' title='bbox 596 2390 748 2471; x_wconf 88' lang='lat' dir='ltr'><strong>aptissime</strong></span> <span class='ocrx_word' id='word_1_164' title='bbox 762 2392 920 2454; x_wconf 88' lang='lat' dir='ltr'><strong>conclusus</strong></span> <span class='ocrx_word' id='word_1_165' title='bbox 935 2390 1024 2453; x_wconf 84' lang='lat' dir='ltr'><strong>rideri</strong></span> <span class='ocrx_word' id='word_1_166' title='bbox 1040 2389 1149 2471; x_wconf 88' lang='lat' dir='ltr'><strong>possit,</strong></span> <span class='ocrx_word' id='word_1_167' title='bbox 1168 2389 1245 2452; x_wconf 90' lang='lat' dir='ltr'><strong>adii·</strong></span> 
     </span>
     <span class='ocr_line' id='line_1_20' title="bbox 83 2493 805 2564; baseline 0.001 -11"><span class='ocrx_word' id='word_1_168' title='bbox 83 2493 201 2555; x_wconf 82' lang='lat' dir='ltr'><strong>ciuntur</strong></span> <span class='ocrx_word' id='word_1_169' title='bbox 216 2501 315 2554; x_wconf 89' lang='lat' dir='ltr'><strong>tamen</strong></span> <span class='ocrx_word' id='word_1_170' title='bbox 330 2493 426 2555; x_wconf 88' lang='lat' dir='ltr'><strong>adlruc</strong></span> <span class='ocrx_word' id='word_1_171' title='bbox 440 2493 499 2555; x_wconf 83' lang='lat' dir='ltr'><strong>(luo</strong></span> <span class='ocrx_word' id='word_1_172' title='bbox 515 2511 628 2564; x_wconf 78' lang='lat' dir='ltr'><strong>versus,</strong></span> <span class='ocrx_word' id='word_1_173' title='bbox 645 2495 717 2555; x_wconf 83' lang='grc'><strong>450.</strong></span> <span class='ocrx_word' id='word_1_174' title='bbox 730 2493 805 2554; x_wconf 75' lang='grc' dir='ltr'><strong>451τ</strong></span> 
     </span>
     <span class='ocr_line' id='line_1_21' title="bbox 173 2583 1145 2679; baseline -0.006 -20"><span class='ocrx_word' id='word_1_175' title='bbox 173 2591 261 2679; x_wconf 77' lang='grc' dir='ltr'><em>θῆκε</em></span> <span class='ocrx_word' id='word_1_176' title='bbox 283 2588 321 2657; x_wconf 85' lang='grc' dir='ltr'><strong>δέ</strong></span> <span class='ocrx_word' id='word_1_177' title='bbox 339 2615 398 2674; x_wconf 88' lang='grc' dir='ltr'><strong>μιν</strong></span> <span class='ocrx_word' id='word_1_178' title='bbox 419 2586 585 2679; x_wconf 68' lang='grc' dir='ltr'><em>Κρονίδης</em></span> <span class='ocrx_word' id='word_1_179' title='bbox 607 2588 843 2679; x_wconf 67' lang='grc' dir='ltr'><em>κουροτρόφον,</em></span> <span class='ocrx_word' id='word_1_180' title='bbox 867 2583 905 2655; x_wconf 71' lang='grc' dir='ltr'><strong>οἳ</strong></span> <span class='ocrx_word' id='word_1_181' title='bbox 923 2584 997 2672; x_wconf 83' lang='grc' dir='ltr'><strong>μετ’</strong></span> <span class='ocrx_word' id='word_1_182' title='bbox 1019 2584 1145 2678; x_wconf 66' lang='grc' dir='ltr'><em>ἐκείνην</em></span> 
     </span>
     <span class='ocr_line' id='line_1_22' title="bbox 171 2685 998 2780; baseline -0.001 -23"><span class='ocrx_word' id='word_1_183' title='bbox 171 2686 401 2779; x_wconf 66' lang='grc' dir='ltr'><em>ὀφθαλμοῖσιν</em></span> <span class='ocrx_word' id='word_1_184' title='bbox 420 2686 534 2757; x_wconf 75' lang='grc' dir='ltr'><em>ἴδοντο</em></span> <span class='ocrx_word' id='word_1_185' title='bbox 556 2688 644 2780; x_wconf 82' lang='grc' dir='ltr'><em>φάος</em></span> <span class='ocrx_word' id='word_1_186' title='bbox 665 2688 885 2776; x_wconf 74' lang='grc' dir='ltr'><em>πολυδερκέος</em></span> <span class='ocrx_word' id='word_1_187' title='bbox 905 2685 998 2775; x_wconf 74' lang='grc' dir='ltr'><em>ἠοῦς,</em></span> 
     </span>
     <span class='ocr_line' id='line_1_23' title="bbox 87 2795 1247 2876; baseline -0.002 -17"><span class='ocrx_word' id='word_1_188' title='bbox 87 2797 196 2860; x_wconf 86' lang='lat' dir='ltr'><strong>scilicet</strong></span> <span class='ocrx_word' id='word_1_189' title='bbox 211 2815 248 2859; x_wconf 88' lang='lat' dir='ltr'><strong>ne</strong></span> <span class='ocrx_word' id='word_1_190' title='bbox 260 2815 351 2859; x_wconf 90' lang='lat' dir='ltr'><strong>unum</strong></span> <span class='ocrx_word' id='word_1_191' title='bbox 368 2797 403 2858; x_wconf 92' lang='lat' dir='ltr'><strong>de</strong></span> <span class='ocrx_word' id='word_1_192' title='bbox 419 2797 554 2859; x_wconf 79' lang='lat' dir='ltr'><strong>maximia</strong></span> <span class='ocrx_word' id='word_1_193' title='bbox 570 2797 743 2860; x_wconf 80' lang='lat' dir='ltr'><strong>muneribus</strong></span> <span class='ocrx_word' id='word_1_194' title='bbox 759 2797 949 2870; x_wconf 80' lang='lat' dir='ltr'><strong>desideretur,</strong></span> <span class='ocrx_word' id='word_1_195' title='bbox 964 2796 1048 2859; x_wconf 80' lang='lat' dir='ltr'><strong>euius</strong></span> <span class='ocrx_word' id='word_1_196' title='bbox 1064 2796 1094 2860; x_wconf 93' lang='lat' dir='ltr'><strong>in</strong></span> <span class='ocrx_word' id='word_1_197' title='bbox 1109 2795 1247 2876; x_wconf 67' lang='grc' dir='ltr'><em>καραδο-</em></span> 
     </span>
     <span class='ocr_line' id='line_1_24' title="bbox 87 2897 1248 2979; baseline -0.002 -18"><span class='ocrx_word' id='word_1_198' title='bbox 87 2900 169 2961; x_wconf 85' lang='lat' dir='ltr'><strong>ribus</strong></span> <span class='ocrx_word' id='word_1_199' title='bbox 186 2899 319 2961; x_wconf 89' lang='lat' dir='ltr'><strong>nondum</strong></span> <span class='ocrx_word' id='word_1_200' title='bbox 335 2897 444 2960; x_wconf 92' lang='lat' dir='ltr'><strong>mentio</strong></span> <span class='ocrx_word' id='word_1_201' title='bbox 461 2900 533 2962; x_wconf 85' lang='lat' dir='ltr'><strong>lacta</strong></span> <span class='ocrx_word' id='word_1_202' title='bbox 548 2909 606 2962; x_wconf 90' lang='lat' dir='ltr'><strong>est:</strong></span> <span class='ocrx_word' id='word_1_203' title='bbox 626 2919 661 2962; x_wconf 91' lang='lat' dir='ltr'><strong>ac</strong></span> <span class='ocrx_word' id='word_1_204' title='bbox 671 2909 825 2979; x_wconf 87' lang='lat' dir='ltr'><strong>postremo</strong></span> <span class='ocrx_word' id='word_1_205' title='bbox 842 2899 887 2961; x_wconf 85' lang='lat' dir='ltr'><strong>iris</strong></span> <span class='ocrx_word' id='word_1_206' title='bbox 903 2917 1007 2960; x_wconf 87' lang='lat' dir='ltr'><strong>rursus</strong></span> <span class='ocrx_word' id='word_1_207' title='bbox 1021 2898 1149 2960; x_wconf 82' lang='lat' dir='ltr'><strong>clausula</strong></span> <span class='ocrx_word' id='word_1_208' title='bbox 1163 2897 1248 2960; x_wconf 90' lang='lat' dir='ltr'><strong>addi·</strong></span> 
     </span>
     <span class='ocr_line' id='line_1_25' title="bbox 86 3001 276 3074; baseline -0.011 -10"><span class='ocrx_word' id='word_1_209' title='bbox 86 3012 144 3074; x_wconf 91' lang='lat' dir='ltr'><strong>tur,</strong></span> <span class='ocrx_word' id='word_1_210' title='bbox 159 3021 185 3064; x_wconf 85' lang='lat' dir='ltr'><strong>r.</strong></span> <span class='ocrx_word' id='word_1_211' title='bbox 199 3001 276 3064; x_wconf 75' lang='lat'>452:</span> 
     </span>
     <span class='ocr_line' id='line_1_26' title="bbox 254 3093 1087 3191; baseline 0.001 -26"><span class='ocrx_word' id='word_1_212' title='bbox 254 3095 359 3178; x_wconf 62' lang='lat' dir='ltr'><strong>oiirtog</strong></span> <span class='ocrx_word' id='word_1_213' title='bbox 380 3095 418 3180; x_wconf 83' lang='grc' dir='ltr'><strong>ἕξ</strong></span> <span class='ocrx_word' id='word_1_214' title='bbox 432 3093 534 3187; x_wconf 72' lang='grc' dir='ltr'><em>ἀρχῆς</em></span> <span class='ocrx_word' id='word_1_215' title='bbox 548 3098 780 3191; x_wconf 69' lang='grc' dir='ltr'><em>κουροτρόφος,</em></span> <span class='ocrx_word' id='word_1_216' title='bbox 804 3095 838 3165; x_wconf 85' lang='lat' dir='ltr'><strong>ni</strong></span> <span class='ocrx_word' id='word_1_217' title='bbox 862 3097 900 3166; x_wconf 79' lang='grc' dir='ltr'><strong>δέ</strong></span> <span class='ocrx_word' id='word_1_218' title='bbox 919 3123 954 3166; x_wconf 80' lang='grc' dir='ltr'><strong>τε</strong></span> <span class='ocrx_word' id='word_1_219' title='bbox 976 3098 1087 3184; x_wconf 84' lang='grc' dir='ltr'><em>τιμαί.</em></span> 
     </span>
     <span class='ocr_line' id='line_1_27' title="bbox 87 3202 1249 3287; baseline 0.001 -20"><span class='ocrx_word' id='word_1_220' title='bbox 87 3206 136 3287; x_wconf 92' lang='lat' dir='ltr'><strong>qui</strong></span> <span class='ocrx_word' id='word_1_221' title='bbox 159 3223 260 3267; x_wconf 84' lang='lat' dir='ltr'><strong>versus</strong></span> <span class='ocrx_word' id='word_1_222' title='bbox 275 3204 421 3285; x_wconf 85' lang='lat' dir='ltr'><strong>plerisque</strong></span> <span class='ocrx_word' id='word_1_223' title='bbox 435 3206 508 3268; x_wconf 89' lang='lat' dir='ltr'><strong>adeo</strong></span> <span class='ocrx_word' id='word_1_224' title='bbox 524 3206 683 3287; x_wconf 82' lang='lat' dir='ltr'><strong>displicuit,</strong></span> <span class='ocrx_word' id='word_1_225' title='bbox 704 3214 737 3267; x_wconf 90' lang='lat' dir='ltr'><strong>ut</strong></span> <span class='ocrx_word' id='word_1_226' title='bbox 751 3223 818 3266; x_wconf 89' lang='lat' dir='ltr'><strong>eum</strong></span> <span class='ocrx_word' id='word_1_227' title='bbox 835 3202 922 3265; x_wconf 86' lang='lat' dir='ltr'><strong>obelo</strong></span> <span class='ocrx_word' id='word_1_228' title='bbox 938 3212 1040 3266; x_wconf 83' lang='lat' dir='ltr'><strong>notare</strong></span> <span class='ocrx_word' id='word_1_229' title='bbox 1055 3223 1115 3267; x_wconf 92' lang='lat' dir='ltr'><strong>non</strong></span> <span class='ocrx_word' id='word_1_230' title='bbox 1132 3205 1249 3268; x_wconf 90' lang='lat' dir='ltr'><strong>dubita·</strong></span> 
     </span>
     <span class='ocr_line' id='line_1_28' title="bbox 88 3305 1248 3390; baseline 0.003 -24"><span class='ocrx_word' id='word_1_231' title='bbox 88 3307 191 3368; x_wconf 83' lang='lat' dir='ltr'><strong>rerinl.</strong></span> <span class='ocrx_word' id='word_1_232' title='bbox 221 3305 320 3386; x_wconf 84' lang='lat' dir='ltr'><strong>Neque</strong></span> <span class='ocrx_word' id='word_1_233' title='bbox 340 3306 411 3369; x_wconf 84' lang='lat' dir='ltr'><strong>ruilri</strong></span> <span class='ocrx_word' id='word_1_234' title='bbox 432 3306 537 3387; x_wconf 62' lang='lat' dir='ltr'><strong>placen</strong></span> <span class='ocrx_word' id='word_1_235' title='bbox 556 3309 607 3370; x_wconf 83' lang='lat' dir='ltr'><strong>sed</strong></span> <span class='ocrx_word' id='word_1_236' title='bbox 629 3318 725 3370; x_wconf 76' lang='lat' dir='ltr'><strong>umen</strong></span> <span class='ocrx_word' id='word_1_237' title='bbox 746 3326 798 3369; x_wconf 91' lang='lat' dir='ltr'><strong>cur</strong></span> <span class='ocrx_word' id='word_1_238' title='bbox 816 3305 1017 3387; x_wconf 81' lang='lat' dir='ltr'><strong>interpolatori</strong></span> <span class='ocrx_word' id='word_1_239' title='bbox 1037 3307 1138 3386; x_wconf 70' lang='lat' dir='ltr'><strong>plotius</strong></span> <span class='ocrx_word' id='word_1_240' title='bbox 1160 3327 1248 3390; x_wconf 89' lang='lat' dir='ltr'><strong>quam</strong></span> 
     </span>
     <span class='ocr_line' id='line_1_29' title="bbox 88 3408 1249 3492; baseline 0.003 -21"><span class='ocrx_word' id='word_1_241' title='bbox 88 3409 144 3490; x_wconf 82' lang='lat' dir='ltr'><strong>ipsi</strong></span> <span class='ocrx_word' id='word_1_242' title='bbox 164 3408 357 3490; x_wconf 85' lang='lat' dir='ltr'><strong>compositori</strong></span> <span class='ocrx_word' id='word_1_243' title='bbox 380 3409 553 3490; x_wconf 76' lang='lat' dir='ltr'><strong>theogoniae</strong></span> <span class='ocrx_word' id='word_1_244' title='bbox 573 3409 760 3473; x_wconf 88' lang='lat' dir='ltr'><strong>tribuendum</strong></span> <span class='ocrx_word' id='word_1_245' title='bbox 781 3409 891 3480; x_wconf 77' lang='lat' dir='ltr'><strong>(licum,</strong></span> <span class='ocrx_word' id='word_1_246' title='bbox 912 3409 1020 3472; x_wconf 90' lang='lat' dir='ltr'><strong>nullam</strong></span> <span class='ocrx_word' id='word_1_247' title='bbox 1040 3410 1111 3472; x_wconf 86' lang='lat' dir='ltr'><strong>satis</strong></span> <span class='ocrx_word' id='word_1_248' title='bbox 1132 3430 1249 3492; x_wconf 76' lang='lat' dir='ltr'><strong>grauem</strong></span> 
     </span>
     <span class='ocr_line' id='line_1_30' title="bbox 89 3511 1250 3593; baseline 0.002 -19"><span class='ocrx_word' id='word_1_249' title='bbox 89 3532 206 3575; x_wconf 82' lang='lat' dir='ltr'><strong>causam</strong></span> <span class='ocrx_word' id='word_1_250' title='bbox 226 3533 293 3575; x_wconf 86' lang='lat' dir='ltr'><strong>esse</strong></span> <span class='ocrx_word' id='word_1_251' title='bbox 312 3512 406 3576; x_wconf 85' lang='lat' dir='ltr'><strong>rideo.</strong></span> <span class='ocrx_word' id='word_1_252' title='bbox 436 3511 621 3575; x_wconf 83' lang='lat' dir='ltr'><strong>Hemrannus</strong></span> <span class='ocrx_word' id='word_1_253' title='bbox 641 3532 710 3575; x_wconf 85' lang='lat' dir='ltr'><strong>rere</strong></span> <span class='ocrx_word' id='word_1_254' title='bbox 726 3532 760 3574; x_wconf 84' lang='lat' dir='ltr'><strong>ex</strong></span> <span class='ocrx_word' id='word_1_255' title='bbox 775 3512 823 3574; x_wconf 88' lang='lat' dir='ltr'><strong>lris</strong></span> <span class='ocrx_word' id='word_1_256' title='bbox 837 3511 967 3593; x_wconf 83' lang='lat' dir='ltr'><strong>quinque</strong></span> <span class='ocrx_word' id='word_1_257' title='bbox 982 3512 1116 3576; x_wconf 76' lang='lat' dir='ltr'><strong>versibus</strong></span> <span class='ocrx_word' id='word_1_258' title='bbox 1132 3514 1250 3578; x_wconf 79' lang='lat' dir='ltr'><strong>ductos</strong></span> 
     </span>
     <span class='ocr_line' id='line_1_31' title="bbox 90 3615 1251 3698; baseline 0.003 -22"><span class='ocrx_word' id='word_1_259' title='bbox 90 3625 202 3677; x_wconf 88' lang='lat' dir='ltr'><strong>tantum</strong></span> <span class='ocrx_word' id='word_1_260' title='bbox 223 3615 367 3696; x_wconf 86' lang='lat' dir='ltr'><strong>pepercit,</strong></span> <span class='ocrx_word' id='word_1_261' title='bbox 387 3616 459 3678; x_wconf 85' lang='grc'><strong>450.</strong></span> <span class='ocrx_word' id='word_1_262' title='bbox 477 3616 553 3690; x_wconf 82' lang='grc'><strong>454,</strong></span> <span class='ocrx_word' id='word_1_263' title='bbox 571 3615 700 3697; x_wconf 83' lang='lat' dir='ltr'><strong>reliquos</strong></span> <span class='ocrx_word' id='word_1_264' title='bbox 720 3626 779 3678; x_wconf 89' lang='lat' dir='ltr'><strong>tres</strong></span> <span class='ocrx_word' id='word_1_265' title='bbox 800 3633 924 3697; x_wconf 84' lang='lat' dir='ltr'><strong>prorsus</strong></span> <span class='ocrx_word' id='word_1_266' title='bbox 943 3615 1062 3678; x_wconf 85' lang='lat' dir='ltr'><strong>abiecit:</strong></span> <span class='ocrx_word' id='word_1_267' title='bbox 1081 3625 1169 3698; x_wconf 89' lang='lat' dir='ltr'><strong>atque</strong></span> <span class='ocrx_word' id='word_1_268' title='bbox 1185 3618 1251 3681; x_wconf 86' lang='lat' dir='ltr'><strong>illes</strong></span> 
     </span>
     <span class='ocr_line' id='line_1_32' title="bbox 89 3716 1253 3801; baseline 0.004 -23"><span class='ocrx_word' id='word_1_269' title='bbox 89 3734 207 3798; x_wconf 89' lang='lat' dir='ltr'><strong>quoque</strong></span> <span class='ocrx_word' id='word_1_270' title='bbox 231 3716 324 3779; x_wconf 91' lang='lat' dir='ltr'><strong>alieno</strong></span> <span class='ocrx_word' id='word_1_271' title='bbox 343 3716 409 3780; x_wconf 90' lang='lat' dir='ltr'><strong>leco</strong></span> <span class='ocrx_word' id='word_1_272' title='bbox 430 3717 557 3781; x_wconf 79' lang='lat' dir='ltr'><strong>insertos</strong></span> <span class='ocrx_word' id='word_1_273' title='bbox 576 3739 643 3782; x_wconf 82' lang='lat' dir='ltr'><strong>esse</strong></span> <span class='ocrx_word' id='word_1_274' title='bbox 662 3719 716 3793; x_wconf 86' lang='lat' dir='ltr'><strong>ait,</strong></span> <span class='ocrx_word' id='word_1_275' title='bbox 741 3718 771 3782; x_wconf 93' lang='lat' dir='ltr'><strong>iu</strong></span> <span class='ocrx_word' id='word_1_276' title='bbox 790 3717 956 3799; x_wconf 79' lang='lat' dir='ltr'><strong>uertiquiore</strong></span> <span class='ocrx_word' id='word_1_277' title='bbox 974 3728 1073 3782; x_wconf 88' lang='lat' dir='ltr'><strong>autem</strong></span> <span class='ocrx_word' id='word_1_278' title='bbox 1094 3720 1253 3801; x_wconf 77' lang='lat' dir='ltr'><strong>theogonia</strong></span> 
     </span>
     <span class='ocr_line' id='line_1_33' title="bbox 90 3820 1253 3905; baseline 0.001 -20"><span class='ocrx_word' id='word_1_279' title='bbox 90 3823 207 3905; x_wconf 86' lang='lat' dir='ltr'><strong>positos</strong></span> <span class='ocrx_word' id='word_1_280' title='bbox 226 3821 317 3884; x_wconf 82' lang='lat' dir='ltr'><strong>luisse</strong></span> <span class='ocrx_word' id='word_1_281' title='bbox 337 3822 435 3885; x_wconf 87' lang='lat' dir='ltr'><strong>statim</strong></span> <span class='ocrx_word' id='word_1_282' title='bbox 451 3834 520 3905; x_wconf 83' lang='lat' dir='ltr'><strong>post</strong></span> <span class='ocrx_word' id='word_1_283' title='bbox 534 3842 559 3885; x_wconf 86' lang='grc' dir='ltr'><strong>ν.</strong></span> <span class='ocrx_word' id='word_1_284' title='bbox 576 3821 648 3885; x_wconf 83' lang='grc'><strong>413.</strong></span> <span class='ocrx_word' id='word_1_285' title='bbox 679 3822 752 3885; x_wconf 83' lang='lat' dir='ltr'><strong>Nam</strong></span> <span class='ocrx_word' id='word_1_286' title='bbox 768 3820 859 3884; x_wconf 84' lang='lat' dir='ltr'><strong>luisse</strong></span> <span class='ocrx_word' id='word_1_287' title='bbox 874 3822 943 3884; x_wconf 90' lang='lat' dir='ltr'><strong>iude</strong></span> <span class='ocrx_word' id='word_1_288' title='bbox 957 3842 973 3885; x_wconf 90' lang='lat' dir='ltr'><strong>a</strong></span> <span class='ocrx_word' id='word_1_289' title='bbox 989 3841 1016 3883; x_wconf 88' lang='lat' dir='ltr'><strong>r.</strong></span> <span class='ocrx_word' id='word_1_290' title='bbox 1028 3823 1086 3885; x_wconf 75' lang='lat' dir='ltr'><strong>⁴lll</strong></span> <span class='ocrx_word' id='word_1_291' title='bbox 1108 3824 1253 3905; x_wconf 82' lang='lat' dir='ltr'><strong>usquead</strong></span> 
     </span>
     <span class='ocr_line' id='line_1_34' title="bbox 91 3922 1248 3990; baseline 0 -2"><span class='ocrx_word' id='word_1_292' title='bbox 91 3926 153 3988; x_wconf 86' lang='grc'><strong>445</strong></span> <span class='ocrx_word' id='word_1_293' title='bbox 173 3924 245 3987; x_wconf 88' lang='lat' dir='ltr'><strong>duas</strong></span> <span class='ocrx_word' id='word_1_294' title='bbox 265 3923 394 3987; x_wconf 82' lang='lat' dir='ltr'><strong>diversas</strong></span> <span class='ocrx_word' id='word_1_295' title='bbox 414 3924 617 3987; x_wconf 86' lang='lat' dir='ltr'><strong>recensiones:</strong></span> <span class='ocrx_word' id='word_1_296' title='bbox 637 3924 742 3988; x_wconf 80' lang='lat' dir='ltr'><strong>irarum</strong></span> <span class='ocrx_word' id='word_1_297' title='bbox 762 3922 881 3986; x_wconf 87' lang='lat' dir='ltr'><strong>alteram</strong></span> <span class='ocrx_word' id='word_1_298' title='bbox 900 3923 1040 3988; x_wconf 77' lang='lat' dir='ltr'><strong>habuisse</strong></span> <span class='ocrx_word' id='word_1_299' title='bbox 1055 3943 1174 3990; x_wconf 82' lang='lat' dir='ltr'><strong>rersum</strong></span> <span class='ocrx_word' id='word_1_300' title='bbox 1190 3928 1248 3989; x_wconf 89' lang='grc'><strong>414</strong></span> 
     </span>
     <span class='ocr_line' id='line_1_35' title="bbox 91 4026 303 4110; baseline 0 -20"><span class='ocrx_word' id='word_1_301' title='bbox 91 4028 135 4092; x_wconf 84' lang='lat' dir='ltr'><strong>sic</strong></span> <span class='ocrx_word' id='word_1_302' title='bbox 149 4026 303 4110; x_wconf 87' lang='lat' dir='ltr'><strong>scriptum,</strong></span> 
     </span>
     <span class='ocr_line' id='line_1_36' title="bbox 215 4120 1134 4217; baseline 0.003 -24"><span class='ocrx_word' id='word_1_303' title='bbox 215 4121 236 4216; x_wconf 79' lang='lat' dir='ltr'><strong>&#39;l</strong></span> <span class='ocrx_word' id='word_1_304' title='bbox 260 4121 293 4194; x_wconf 85' lang='grc' dir='ltr'><strong>δ’</strong></span> <span class='ocrx_word' id='word_1_305' title='bbox 315 4120 550 4217; x_wconf 74' lang='grc' dir='ltr'><em>ὑποκυσαμένη</em></span> <span class='ocrx_word' id='word_1_306' title='bbox 569 4122 709 4216; x_wconf 77' lang='grc' dir='ltr'><em>Ἑκάτην</em></span> <span class='ocrx_word' id='word_1_307' title='bbox 721 4125 827 4210; x_wconf 81' lang='grc' dir='ltr'><em>τέκεν,</em></span> <span class='ocrx_word' id='word_1_308' title='bbox 850 4120 871 4217; x_wconf 69' lang='lat' dir='ltr'><strong>p·</strong></span> <span class='ocrx_word' id='word_1_309' title='bbox 894 4126 975 4215; x_wconf 82' lang='grc' dir='ltr'><em>περὶ</em></span> <span class='ocrx_word' id='word_1_310' title='bbox 997 4125 1134 4196; x_wconf 81' lang='grc' dir='ltr'><em>πάντων</em></span> 
     </span>
    </p>
   </div>
   <div class='ocr_carea' id='block_1_3' title="bbox 92 4367 1258 4522">
    <p class='ocr_par' dir='ltr' id='par_1_3' title="bbox 92 4367 1258 4522">
     <span class='ocr_line' id='line_1_37' title="bbox 159 4367 1258 4444; baseline 0.007 -23"><span class='ocrx_word' id='word_1_311' title='bbox 159 4372 190 4435; x_wconf 79' lang='grc'><strong>0)</strong></span> <span class='ocrx_word' id='word_1_312' title='bbox 209 4369 248 4422; x_wconf 76' lang='lat' dir='ltr'><strong>(ll.</strong></span> <span class='ocrx_word' id='word_1_313' title='bbox 265 4369 365 4423; x_wconf 78' lang='lat' dir='ltr'><strong>Pindar.</strong></span> <span class='ocrx_word' id='word_1_314' title='bbox 380 4369 456 4439; x_wconf 71' lang='lat' dir='ltr'><strong>eyn.</strong></span> <span class='ocrx_word' id='word_1_315' title='bbox 472 4367 508 4434; x_wconf 85' lang='lat' dir='ltr'><strong>n,</strong></span> <span class='ocrx_word' id='word_1_316' title='bbox 525 4367 548 4421; x_wconf 80' lang='grc'><strong>7.</strong></span> <span class='ocrx_word' id='word_1_317' title='bbox 571 4367 681 4420; x_wconf 78' lang='lat' dir='ltr'><strong>ilocekh.</strong></span> <span class='ocrx_word' id='word_1_318' title='bbox 698 4367 791 4437; x_wconf 81' lang='lat' dir='ltr'><strong>explic.</strong></span> <span class='ocrx_word' id='word_1_319' title='bbox 808 4368 850 4420; x_wconf 88' lang='grc'><strong>04.</strong></span> <span class='ocrx_word' id='word_1_320' title='bbox 866 4368 913 4437; x_wconf 87' lang='lat' dir='ltr'><strong>ill,</strong></span> <span class='ocrx_word' id='word_1_321' title='bbox 933 4369 977 4424; x_wconf 80' lang='lat'><strong>26.</strong></span> <span class='ocrx_word' id='word_1_322' title='bbox 1000 4371 1076 4426; x_wconf 79' lang='lat' dir='ltr'><strong>Vera.</strong></span> <span class='ocrx_word' id='word_1_323' title='bbox 1089 4374 1165 4443; x_wconf 74' lang='lat' dir='ltr'><strong>epist.</strong></span> <span class='ocrx_word' id='word_1_324' title='bbox 1176 4377 1258 4444; x_wconf 69' lang='lat' dir='ltr'><strong>apti.</strong></span> 
     </span>
     <span class='ocr_line' id='line_1_38' title="bbox 92 4453 213 4522; baseline 0.008 -17"><span class='ocrx_word' id='word_1_325' title='bbox 92 4453 124 4505; x_wconf 87' lang='grc'><strong>111</strong></span> <span class='ocrx_word' id='word_1_326' title='bbox 136 4470 161 4522; x_wconf 81' lang='grc' dir='ltr'><strong>ρ.</strong></span> <span class='ocrx_word' id='word_1_327' title='bbox 171 4453 213 4506; x_wconf 78' lang='lat' dir='ltr'><strong>il.</strong></span> 
     </span>
    </p>
   </div>
   <div class='ocr_carea' id='block_1_4' title="bbox 134 4538 1054 4606">
    <p class='ocr_par' dir='ltr' id='par_1_4' title="bbox 134 4538 1054 4606">
     <span class='ocr_line' id='line_1_39' title="bbox 134 4538 1054 4606; baseline 0.005 -6"><span class='ocrx_word' id='word_1_328' title='bbox 134 4538 169 4601; x_wconf 87' lang='lat' dir='ltr'><strong>ll.</strong></span> <span class='ocrx_word' id='word_1_329' title='bbox 1017 4545 1054 4606; x_wconf 81' lang='lat'><strong>15</strong></span> 
     </span>
    </p>
   </div>
   <div class='ocr_carea' id='block_1_5' title="bbox 0 0 1507 4808">
    <p class='ocr_par' dir='ltr' id='par_1_5' title="bbox 0 0 1507 4808">
     <span class='ocr_line' id='line_1_40' title="bbox 0 0 1507 4808; baseline 0 0"><span class='ocrx_word' id='word_1_330' title='bbox 0 0 1507 4808; x_wconf 95' lang='lat' dir='ltr'><strong> </strong></span> 
     </span>
    </p>
   </div>
  </div>
 </body>
</html>
