2962 4808
755 325 816 388 lili)

683 412 887 422 ..η-«ιβ.--

210 512 365 592 prodeunt,
380 531 434 574 nec
445 532 538 576 norae
551 515 630 595 leges
644 530 798 594 nouusque
809 531 909 575 rerum
920 512 995 575 ordo
1007 512 1112 589 existit,
1126 513 1178 577 sed
1195 532 1270 595 quae
1284 513 1367 577 initio

200 625 352 694 procreata
369 626 448 689 sunt,
463 616 572 678 lroruna
588 615 641 678 alia
656 624 831 697 permanent
845 614 881 677 ab
895 614 1015 678 interitu
1030 615 1181 690 immunia,
1197 625 1227 678 et
1243 624 1274 678 ut
1289 626 1368 690 sunt,

202 714 242 775 ita
257 728 470 780 conservantur
481 718 669 799 sempiterna,
684 717 737 779 alia
749 717 895 780 intereunt
909 717 1038 799 qnirlem,
1054 738 1155 781 rernm
1168 719 1215 793 ita,
1231 728 1263 781 nt
1274 720 1366 782 subo·

201 815 256 877 lein
272 838 307 881 ex
323 839 355 880 se
371 819 435 903 ipsa
450 820 629 901 relinquant,
650 841 725 901 qnae
745 819 775 882 in
797 820 932 901 ipsorum
952 821 1050 883 locum
1066 820 1203 883 succedat
1217 822 1366 885 eiustlern-

104 970 107 974 Α
202 937 258 999 que
279 940 346 984 curn
367 923 538 1004 parentibus
558 923 673 1006 generis
693 933 722 986 et
737 933 857 986 naturae
872 923 920 986 sit.
951 923 1066 998 Quodsi
1082 923 1203 998 Coetus,
1223 924 1366 1004 quernarl·

200 1023 322 1087 rnorlurn
335 1024 417 1087 initio
430 1045 528 1089 rernm
541 1036 696 1107 generator
707 1026 768 1100 luit,
782 1026 820 1089 ita
832 1034 936 1107 postea
948 1044 1065 1106 quoque
1077 1025 1365 1106 generareeontinuo

198 1138 341 1208 pergeret,
358 1148 480 1193 neeesse
495 1140 573 1193 esset
588 1150 679 1194 noras
700 1149 819 1212 semper
832 1138 968 1203 naturas,
983 1146 1058 1190 nora
1073 1145 1180 1208 genera
1196 1127 1366 1208 formasque

199 1232 361 1311 procreari:
388 1233 469 1315 iquotl
491 1253 582 1316 quum
601 1252 664 1297 non
684 1234 747 1308 siat,
774 1233 841 1295 inrle
860 1231 1004 1312 colligitur
1023 1230 1086 1293 ciris
1108 1229 1166 1292 rim
1186 1230 1365 1310 genitricem,

197 1351 271 1414 cquae
287 1335 356 1398 olirn
374 1335 442 1412 luit,
461 1347 565 1420 postea
580 1337 731 1400 «renniaco.
761 1340 919 1417 ernrnqnc
940 1334 1008 1397 inrle
1024 1333 1060 1397 ab
1074 1354 1110 1396 co
1127 1343 1260 1414 ternpore
1274 1352 1363 1415 gone·

197 1455 263 1501 raro
279 1439 384 1503 Cerelns
404 1440 536 1518 desierit,
557 1460 648 1524 quarn
669 1460 781 1514 reruni,
802 1447 960 1522 quaesunt
978 1437 1007 1502 in
1027 1438 1153 1513 rnnmlo,
1174 1456 1279 1519 genera
1301 1438 1363 1501 lor·

197 1560 322 1624 anaeque
336 1556 506 1626 procreatae
522 1556 634 1620 essent,
654 1546 708 1609 lrae
724 1546 805 1627 ipsae
821 1543 971 1607 olrstitisse
985 1543 1135 1617 ridentur,
1155 1560 1193 1604 nu
1207 1559 1301 1605 norae
1316 1541 1362 1605 in-

199 1663 290 1726 super
308 1659 547 1728 procrearentur:
573 1649 670 1730 itaque
690 1647 848 1728 generandi
868 1647 1004 1710 laenitate
1024 1645 1157 1727 privatus
1178 1645 1363 1728 eviratusqne

199 1746 304 1811 Coelus
319 1751 355 1813 ab
371 1751 406 1813 iis
423 1752 496 1833 ipsis
511 1762 571 1825 est,
591 1773 667 1834 qnos
683 1759 902 1833 procreaverat,
923 1769 984 1812 non
1001 1758 1124 1831 propter
1135 1749 1247 1830 aliquas
1259 1750 1318 1813 iras
1333 1759 1363 1813 et

198 1849 431 1916 ulciscendarum
452 1855 624 1918 iniuriarum
645 1875 747 1927 cansa,
773 1854 825 1917 secl
846 1874 906 1935 qno
927 1861 1051 1934 possent
1071 1853 1101 1914 lii
1121 1861 1255 1914 naturam
1276 1872 1361 1916 suam

196 1954 322 2033 expelere,
338 1975 409 2018 nere
420 1957 505 2019 noris
522 1975 639 2038 semper
650 1966 677 2019 et
694 1957 818 2020 «liversis
834 1956 990 2038 generilrns
1003 1974 1037 2018 ac
1052 1954 1156 2016 formis
1168 1973 1360 2018 succrescen-

196 2055 273 2119 tibus
293 2068 371 2121 certa
391 2071 420 2123 ct
438 2060 566 2142 legitima
585 2061 688 2123 rnnnrli
709 2059 905 2124 conformatio
921 2057 1116 2141 impediretur
1129 2066 1158 2119 et
1173 2057 1360 2138 pertnrlrare·

195 2168 243 2221 tur
255 2166 263 2201 ¹
275 2163 328 2237 ³⁵).
359 2160 444 2236 llaec,
462 2162 577 2244 opinor,
592 2161 808 2244 simplicissima
825 2171 854 2223 et
866 2161 1017 2224 uerissima
1029 2170 1074 2224 est
1089 2160 1203 2223 tabulae
1214 2159 1359 2242 interpre-

195 2261 273 2324 tatio.
303 2264 487 2326 Posteriores
506 2275 619 2342 antern,
639 2267 688 2346 qui
705 2284 803 2327 rerarn
825 2264 971 2326 rationein
987 2282 1049 2326 non
1069 2263 1195 2344 amplius
1215 2262 1359 2345 intellige·

193 2375 267 2438 rent,
281 2367 427 2430 castrandi
443 2368 521 2432 Coeli
537 2369 623 2431 aliani
639 2388 757 2432 causant
773 2367 1060 2448 circumspexerunt,
1081 2376 1110 2428 et
1129 2365 1173 2428 sic
1188 2365 1257 2429 illutl
1273 2384 1357 2429 corn·

194 2469 282 2532 menti
297 2479 382 2545 sunt,
397 2471 477 2553 quorl
493 2471 521 2534 in
539 2472 694 2552 tluogonia
710 2472 844 2554 legimns,
859 2490 954 2552 neque
969 2469 998 2532 in
1014 2469 1157 2531 liesiorlea
1174 2470 1284 2548 solum,
1305 2471 1359 2535 secl

192 2572 277 2636 etiam
290 2573 319 2636 in
332 2574 459 2656 qulrica
473 2582 479 2620 ¹
492 2579 533 2651 ⁴),
548 2576 628 2657 quod
641 2575 769 2658 qnitlcrn,
784 2593 875 2657 qnnm
887 2574 960 2637 satis
975 2572 1073 2654 ipsum
1087 2591 1141 2654 per
1151 2593 1184 2634 se
1195 2573 1357 2636 absurdum

192 2675 238 2752 sit,
252 2686 316 2739 turn
332 2676 418 2740 etiarn
435 2678 493 2740 lroc
513 2679 616 2742 lrabnit
632 2678 829 2750 inconnnorli,
849 2687 896 2748 nt,
917 2677 997 2757 quod
1018 2675 1130 2738 lacinus
1152 2675 1181 2737 in
1198 2676 1287 2738 Coelo
1305 2676 1357 2739 ulti

191 2789 291 2842 essent
306 2780 452 2844 Saturnus
469 2781 591 2863 eiusque
606 2784 726 2855 iratres,
748 2783 805 2844 lroc
826 2780 903 2844 irlenr
920 2788 949 2842 et
964 2779 1037 2861 ipsis
1052 2779 1152 2841 statim
1167 2779 1356 2843 committen-

191 2883 261 2946 tium
278 2895 371 2961 esset,
391 2885 614 2967 Centirnanique
633 2896 663 2949 et
681 2885 822 2968 Cyclopes
842 2884 889 2947 rix
909 2883 1022 2946 lilrerati
1041 2901 1145 2946 rursus
1166 2882 1272 2946 iterum
1291 2885 1357 2948 rin·

190 2986 299 3062 ciernli,
316 2987 344 3050 in
360 2988 440 3071 qnoil
455 2996 485 3051 et
498 2988 697 3071 npntouoms
713 2998 743 3051 et
755 2987 884 3070 (lrplrim
901 2986 1058 3068 theogonia
1074 2988 1180 3050 lactum
1198 3006 1265 3050 esse
1279 2989 1357 3052 rele-

190 3101 274 3168 runt,
294 3093 367 3156 lraec
381 3101 484 3156 nostra
499 3103 613 3169 autern,
635 3113 725 3176 equum
743 3092 860 3156 silentio
876 3091 1101 3174 praetermittat,
1117 3110 1239 3154 araneae
1255 3101 1284 3154 et
1299 3092 1357 3157 irn-

190 3197 336 3275 perlectae
351 3197 528 3261 narrationis
544 3198 661 3280 culpam
674 3197 828 3261 contraxit.
858 3197 891 3259 ln
907 3207 1003 3260 retere
1023 3205 1119 3259 autem
1140 3204 1169 3257 et
1184 3194 1356 3279 incorrupta

191 3296 295 3372 tabula
310 3318 386 3381 quae
401 3318 488 3362 nausa
504 3310 617 3383 patrem
633 3300 788 3383 perrnorit,
803 3308 836 3363 ut
851 3299 916 3363 illos
931 3300 1134 3373 absconderet,
1150 3299 1253 3362 eadem
1268 3299 1355 3365 etiam

190 3410 312 3465 matrem
337 3404 498 3486 fratresque
519 3424 624 3469 eorum
650 3404 793 3487 impedire
818 3403 934 3478 debuit,
959 3403 1119 3486 quominus
1139 3422 1193 3465 eos
1218 3400 1355 3467 lilmratos

39 3535 41 3538 >
140 3516 165 3570 tt
191 3505 302 3570 velent
333 3507 451 3591 Quippe
470 3507 542 3572 lraee
561 3507 614 3573 luit
628 3508 789 3592 Cyclopmn
809 3517 839 3570 et
852 3506 1092 3571 Centimaaorum
1112 3514 1231 3583 natura,
1249 3516 1283 3570 ut
1301 3507 1354 3570 au·

254 3816 312 3880 13⁵)
327 3820 365 3870 lid
383 3834 451 3871 rers.
468 3818 528 3884 138,
545 3818 588 3873 abi
599 3822 631 3873 dc
643 3821 754 3872 Srtarno
766 3818 859 3871 (licitur
878 3812 1002 3888 θαλερὸν
1013 3810 1043 3867 t’
1055 3810 1164 3886 ἤχθηρε
1176 3816 1275 3882 τοκῆα,
1287 3819 1353 3872 scito

184 3898 355 3968 Goettliagius
366 3905 552 3972 animaverat,
564 3905 692 3971 designari
703 3905 750 3957 loc
759 3904 872 3973 epitheto
882 3904 1004 3970 insignem
1014 3903 1064 3955 rina
1073 3902 1225 3969 generandis
1237 3903 1283 3954 aad
1294 3904 1353 3957 addi

187 3996 300 4055 poterat,
321 3989 458 4056 significari
475 3992 550 4045 ctiam
566 3992 629 4044 tane
649 3991 727 4062 ipsam
744 3993 769 4045 ia
787 4006 864 4044 causa
881 3991 974 4057 luisse,
996 4006 1042 4042 cnr
1058 3988 1184 4042 sicana·
1205 3987 1272 4057 patri
1289 3989 1353 4043 inle-

187 4081 243 4126 ⁸⁰¹⁸
256 4075 362 4226 iiirlltoe
374 4170 456 4215 taurea
469 4163 625 4231 discrimine,
639 4165 714 4235 qaod,
726 4180 801 4235 qaum
812 4165 878 4234 apud
890 4163 1025 4217 ilesiotlnrn
1037 4161 1142 4216 'l'itracs
1154 4169 1213 4215 note
1225 4144 1351 4235 Cyclopes

182 4248 380 4302 rtCautirnuos
392 4250 577 4318 minitantur,
590 4252 700 4321 orphica·
709 4250 841 4317 neomuto
851 4265 896 4333 sos
904 4250 1018 4339 portior
1027 4255 1101 4341 nates
1112 4240 1181 4302 lecit.
1203 4247 1262 4302 Vnt.
1270 4239 1351 4304 'Atte-

183 4333 473 4406 mpltSIlcchculr.
1051 4355 1058 4370 ·
