2962 4808
620 357 823 454 „L

136 542 205 607 darn
217 542 362 608 llausascii
375 544 518 626 produnt,
533 543 618 624 quasi
629 542 794 610 Hellanicus
810 546 856 609 ille
871 564 975 627 reapse
991 561 1052 606 nou
1067 543 1142 606 alius
1154 541 1202 618 sit,
1216 559 1307 624 quarn

137 647 201 730 ipsc
216 647 424 730 Hieronymus,
438 646 577 710 lleHauici
592 649 793 713 auctoritatem
810 651 953 713 simulans
964 657 977 695 ²
988 651 1027 727 ²).

222 751 359 814 Ceterum
374 749 507 832 quamvis
522 751 635 816 diuersa
650 753 687 816 ah
703 753 823 816 Hesiodi
839 752 996 834 theogonia
1012 752 1084 815 liaeo
1098 750 1226 834 Orphica
1242 751 1306 812 lue·
1329 759 1354 810 ta

136 854 189 932 rit,
207 855 299 918 nihilo
320 855 419 918 ruinas
440 864 537 918 tamen
556 856 699 938 plurimas
721 858 846 921 deorum
867 857 978 921 lalrulas
994 867 1045 919 aut
1058 857 1163 919 eodem
1179 874 1307 938 prorsus

137 969 188 1022 aut
201 958 289 1021 simili
305 968 391 1040 atque
406 957 553 1021 Hesiodus
569 960 661 1023 modo
676 960 827 1033 narrabat,
844 962 977 1041 adeoquo
991 978 1205 1040 nonuunquam
1222 957 1308 1039 ipsos

137 1062 225 1126 etiam
245 1081 348 1125 versus
367 1061 533 1125 llcsiodeos
552 1065 729 1147 usurpabat:
752 1065 830 1127 retur
850 1065 886 1127 de
908 1064 1016 1139 trihus,
1036 1083 1113 1145 quos
1134 1083 1170 1125 ea
1185 1060 1308 1143 Orpheo

138 1164 261 1229 Procius
278 1165 346 1228 citat
361 1165 398 1228 ad
413 1164 485 1227 Prae
501 1166 610 1230 liniae.
627 1187 656 1249 p.
673 1168 735 1231 235
752 1168 880 1231 Sclrueid

246 1259 284 1332 οἳ
302 1262 386 1354 Ζηνί
408 1261 547 1352 βροντήν
566 1259 599 1330 a‘
621 1261 745 1353 ἔπορον
765 1263 882 1346 τεῦξάν
902 1289 939 1333 τε
960 1261 1126 1353 κεραυνόν,

245 1366 377 1453 πρῶτον
398 1363 649 1453 τεκτονόχοιρες,
673 1360 914 1454 οἳἭφαιστον
935 1366 993 1434 καὶ
1006 1363 1154 1456 Ἀθήνην

213 1537 216 1544 ,
246 1464 393 1535 δαίδαλα
414 1462 514 1535 πάντ’
538 1464 697 1551 ἐδίδαξαν
720 1464 773 1536 δο’
795 1464 931 1557 οίρανδς
952 1468 1045 1550 ἐντὸς
1066 1468 1182 1558 ἐέργει,

138 1577 253 1657 primus
269 1576 346 1657 apud
363 1574 528 1637 Hesiodum
543 1575 662 1656 legitur,
682 1594 709 1637 r.
727 1576 802 1649 111,
819 1576 941 1639 totidem
957 1576 1067 1650 scrisis,
1083 1576 1141 1638 nisi
1157 1575 1238 1656 quod
1253 1593 1309 1656 pro

139 1670 263 1760 ἔπορον
284 1667 404 1740 ἔδοσαν
426 1674 570 1756 scripturn
591 1679 710 1752 eam).
739 1675 814 1739 ltem
833 1677 884 1758 qui
899 1697 935 1739 es
950 1679 1071 1758 Omlaeo
1086 1679 1165 1758 apud
1181 1679 1310 1740 eundem

140 1777 279 1842 Proolum
294 1777 329 1840 ad
346 1776 459 1839 Timae.
474 1795 504 1857 p.
525 1777 585 1839 123
600 1777 733 1848 citantur.

234 1870 360 1955 ’Ἄτλας
382 1870 413 1941 δ’
437 1869 576 1961 οδρανδν
598 1868 691 1963 asiptis
712 1869 779 1960 ἔχει
802 1881 960 1964 κρατερῆς

247 1973 405 2064 πείρασιν
426 1973 461 2043 ἐν
483 1972 592 2066 γαίης,

141 2083 228 2165 plano
250 2079 340 2144 iidem
364 2082 443 2163 apud
467 2081 630 2144 Hesiodum
656 2092 726 2144 sunt
749 2103 775 2146 r.
797 2085 868 2146 517.
889 2083 936 2148 18.
957 2119 999 2132 -
1018 2084 1195 2148 Communia
1219 2103 1311 2165 porra

140 2185 257 2267 utrique
280 2192 352 2246 sunt
370 2184 611 2246 Centimauomm
636 2194 666 2246 et
684 2185 843 2265 Cyclopum
863 2186 985 2248 nomina
1006 2197 1147 2268 ortusque
1167 2206 1202 2248 cs
1222 2186 1312 2248 Coelo

141 2300 171 2352 et
190 2289 298 2352 Terra:
325 2287 481 2368 proprium
505 2296 603 2350 autem
624 2286 758 2367 Orpheo,
783 2287 863 2368 quod
884 2288 990 2350 iisdem
1010 2289 1182 2369 parentilsus
1203 2291 1312 2352 l‘arcae

141 2394 399 2473 procreantem)
416 2408 490 2471 quac
505 2391 586 2471 apud
601 2388 762 2453 Hesiodum
778 2400 828 2453 aut
842 2389 946 2452 Noctis
960 2401 1011 2453 aut
1024 2391 1102 2453 loris
1117 2411 1153 2452 ex
1167 2390 1312 2453 Themide

142 2494 216 2556 filiae
231 2502 310 2558 sunt.
337 2492 439 2556 llillcrt
452 2492 540 2556 etiam
556 2492 651 2574 ipsius
666 2492 773 2555 Terrae
789 2492 926 2574 coelique
940 2493 1118 2573 procreatio:
1133 2513 1202 2556 naus
1218 2512 1311 2574 ‹puum

142 2596 220 2677 apud
236 2596 400 2659 Hesiodum
418 2617 435 2658 c
450 2596 529 2658 Chao
550 2605 601 2658 aut
615 2604 685 2675 post
699 2596 796 2657 Chaos
812 2595 903 2657 Terra
918 2595 1056 2674 prodeat,
1077 2615 1111 2657 ac
1126 2596 1194 2658 dein
1210 2616 1244 2658 ex
1261 2617 1312 2658 se·

143 2709 205 2761 met
224 2697 288 2779 ipsa
303 2699 424 2761 Caelum
444 2697 553 2780 pariat,
572 2696 718 2778 Orphicae
737 2697 915 2777 theogoniae
934 2698 1023 2759 altera
1039 2699 1132 2760 lorrua
1147 2699 1312 2762 l'hunetern

144 2819 198 2862 ore
212 2799 364 2862 exclusum
380 2799 458 2862 Coeli
473 2798 640 2882 Terraeque
654 2817 689 2860 ex
704 2797 795 2861 Nocte
810 2797 974 2879 genitorem
990 2800 1134 2879 lecit³⁰)‚
1152 2802 1241 2864 altera
1256 2821 1312 2863 au·

145 2911 204 2965 teau
231 2920 320 2964 ovum
345 2901 381 2965 ab
402 2900 527 2964 Hercule
551 2910 750 2982 pneumatum,
774 2920 870 2983 eoque
892 2911 981 2985 rupto
1001 2923 1036 2966 ex
1056 2903 1208 2985 superiore
1229 2917 1312 2987 parte

144 3005 265 3068 Caelum
284 3023 319 3067 ex
339 3003 478 3068 inforiore
496 3004 616 3067 Terram
636 3006 740 3067 iactam
761 3024 828 3067 osse
846 3004 941 3067 dixit-⁸
953 3007 992 3082 1).
1027 3007 1142 3070 llursus
1162 3007 1314 3089 conspirat

144 3107 264 3189 quidem
279 3107 409 3191 Orphica
429 3107 587 3190 theogonia
602 3126 671 3171 cum
685 3106 817 3171 Hesiodo
838 3106 869 3169 in
887 3128 937 3182 eo,
956 3109 1038 3190 quod
1053 3108 1173 3173 Titanes
1189 3110 1313 3186 inducit,

197 3300 389 3311 .......-..·—-—--·
408 3303 413 3308 .
435 3299 448 3308 a

213 3405 257 3471 21)
272 3404 325 3457 11οο
337 3406 359 3457 si
369 3420 430 3457 rere
443 3404 548 3470 conieci,
561 3404 716 3457 Hellanicum
724 3409 837 3454 veterem
850 3402 919 3454 illaus
929 3402 1046 3456 Lesbium
1057 3406 1245 3471 intelligendum
1254 3424 1314 3460 esse

145 3491 270 3557 diceneus,
283 3507 331 3542 aon
345 3490 466 3542 iuniorem
479 3489 679 3556 grammaticum,
691 3488 722 3538 dc
735 3504 783 3556 quo
796 3489 845 3540 sirl.
859 3488 940 3540 tt'ott.
954 3490 1068 3557 prolege.
1080 3509 1105 3560 p.
1116 3491 1224 3545 CXClll.
1247 3493 1315 3546 'l'er-

145 3574 208 3630 tium
223 3577 345 3645 quendam
362 3575 481 3628 Sturaius
498 3575 581 3643 ponit,
598 3573 696 3626 Hellan.
714 3572 808 3641 11253.
837 3575 961 3627 Sandonis
978 3576 1130 3644 plilosophi‚
1151 3579 1274 3631 llellaniri
1287 3579 1316 3645 l'.‚

146 3663 227 3716 libros
244 3664 275 3714 rla
292 3662 393 3730 Orpheo
408 3667 529 3713 memorat
545 3659 635 3712 suidas
655 3675 677 3710 s.
690 3674 715 3711 v.
727 3652 862 3711 Σάνδωντ
880 3661 925 3712 sed
937 3659 1083 3713 Hellanicus
1101 3664 1145 3715 illc
1162 3665 1220 3731 quis
1231 3664 1318 3734 luent,

147 3765 197 3801 non
210 3747 338 3800 indicavit.

216 3833 258 3901 28)
278 3824 450 3897 ῦοοιῑΙίοςίαο
462 3833 526 3883 laune
537 3847 639 3883 versura
652 3829 809 3881 subditieiusn
822 3830 902 3882 rideri
914 3831 963 3897 sit,
980 3836 1025 3885 sed
1043 3835 1165 3887 rationem
1178 3837 1264 3890 iudicii
1276 3838 1317 3890 sai

148 3920 242 3973 nullam
257 3919 341 3972 all‘crt
370 3917 464 3986 Quodsi
482 3918 586 3970 cll'earlit
603 3933 659 3969 enar
675 3916 828 3969 narrationis
846 3909 920 3971 tonsu
935 3921 1116 3990 anticipatione
1129 3924 1167 3976 rei
1179 3926 1258 3977 multo
1270 3943 1317 3994 po·

148 4007 243 4059 sterius
267 4013 356 4072 aestuo
379 4005 550 4073 interruptas,
572 4005 631 4057 talis
652 4003 798 4072 anticipatio
819 4001 844 4053 iu
866 4001 1012 4071 'l'lseogoaia
1035 4025 1084 4060 aon
1105 4009 1252 4080 infrequens
1268 4021 1319 4064 est.

150 4092 189 4145 Cl'.
200 4109 226 4145 ν.
237 4092 295 4145 218.
309 4091 368 4144 ast.
381 4089 440 4144 311.
454 4089 586 4143 3911412.

218 4179 260 4245 29)
279 4178 368 4231 Testis
379 4185 421 4230 est
432 4179 608 4244 Athenagoras
619 4195 644 4247 p.
656 4179 705 4230 lld
716 4176 793 4230 urea.
805 4177 839 4230 cl.
852 4179 963 4233 Labeck.
976 4182 1034 4248 apt.
1048 4199 1072 4251 p.
1083 4184 1143 4236 adt.

218 4263 260 4330 3⁰)
279 4264 391 4317 Lobeek.
403 4281 427 4333 p.
438 4265 488 4317 503
499 4264 526 4332 ἦ.
537 4264 578 4318 10.

218 4349 260 4417 31)
272 4351 402 4429 διδους.
416 4366 442 4419 ρ.
454 4349 510 4402 tto.
613 4401 617 4410 ,

191 4435 226 4497 u.
1095 4446 1115 4506 a
