2962 4808
706 497 909 598 Aa..

223 695 297 758 A'am
313 692 394 775 quod
411 691 442 755 in
457 690 636 755 carminibus
653 690 818 754 Homericis
835 709 955 773 semper
970 698 1085 755 tantum
1100 701 1133 756 ut
1146 691 1215 756 Orci
1231 691 1331 774 regina
1346 689 1393 754 in·

224 799 356 872 ducitur,
380 795 471 860 altero
491 813 614 858 munere
631 811 778 877 nusquam
799 795 976 877 significato:
1002 813 1040 858 ne
1058 814 1148 861 causa
1167 796 1285 881 quidem
1304 793 1394 858 buius

224 899 407 983 significandi
419 900 476 963 ulla
491 898 688 962 demonstrari
700 898 824 982 proterit,
844 898 969 980 ideoque
987 899 1215 984 haudquaquam
1231 907 1345 965 certum
1359 918 1395 964 ert

225 1004 397 1070 huiusmodi
413 1003 528 1067 silentio
543 1012 751 1084 argumentum
766 1003 826 1087 peti
843 1002 1068 1081 latebimuritl.

311 1107 483 1189 Sequuntur
509 1107 586 1189 apud
607 1106 772 1170 Hesiodum
792 1108 908 1181 Musae,
933 1106 1011 1169 loris
1038 1126 1071 1169 ex
1097 1108 1289 1192 linemospne
1315 1107 1397 1184 illinc,

226 1231 352 1295 equarum
368 1211 398 1274 in
413 1210 535 1274 llomeri
551 1210 731 1274 carrarinibus
752 1209 856 1273 similis
877 1218 923 1273 est
937 1218 1024 1291 etque
1036 1211 1232 1292 Proserpinae
1250 1211 1396 1275 condicio.

227 1317 301 1381 lirun
317 1334 410 1398 quum
425 1322 541 1397 patrem
556 1333 658 1377 oarunr
670 1313 769 1377 lovem
784 1313 944 1397 perhibeat,
960 1313 991 1376 ΙΙ.
1004 1313 1039 1387 ll,
1053 1313 1125 1377 401.
1142 1314 1197 1377 00.
1208 1314 1236 1389 l,
1260 1316 1308 1378 10.
1324 1313 1397 1388 Vlll,

228 1421 306 1496 100,
326 1419 429 1484 matris
445 1437 591 1503 nusquam
607 1419 790 1482 mentionem
806 1418 885 1494 lacit,
904 1417 1014 1500 Aequa
1033 1416 1119 1481 etiam
1141 1417 1323 1500 posteriores
1344 1437 1397 1481 ne·

196 1610 199 1614 ⁴
228 1545 375 1610 quaquam
395 1542 500 1588 onmes
520 1542 588 1587 cum
609 1522 740 1587 llrsiodo
760 1531 983 1587 consenserunt.
1014 1520 1089 1586 Nam
1103 1521 1258 1605 Euripides
1279 1521 1397 1606 quidem

230 1628 420 1694 llanuoniam
445 1628 592 1706 dicit00),
615 1627 664 1692 alii
688 1627 861 1711 Clymenen,
886 1628 1047 1710 npmplram
1071 1626 1327 1706 Oceauidom⁸¹),
1351 1626 1399 1690 alii

231 1733 389 1817 Antiopam
399 1738 412 1775 ⁸
421 1736 467 1812 ²):
479 1742 512 1796 ut
524 1753 577 1795 eos
589 1743 709 1809 taceam,
725 1732 775 1817 qui
786 1732 873 1796 etiam
885 1739 997 1814 patrem
1009 1732 1098 1795 alium
1111 1732 1312 1806 nominarunt,
1324 1730 1399 1794 Ura·

233 1857 306 1902 num
320 1837 452 1911 Alcman,
468 1836 670 1910 Mimnermus,
686 1836 895 1914 linaseasttl,
911 1837 1075 1918 Apollinem
1090 1836 1231 1901 Eumelus
1242 1842 1255 1881 ⁸
1265 1838 1309 1914 ⁴):
1330 1852 1400 1898 uam

234 1939 779 2021 ornneseornmemorarolongumest.
802 1940 902 2021 A'eque
910 1959 1078 2016 numerum,
1089 1939 1139 2022 qui
1151 1941 1229 2024 aprud
1238 1938 1411 2003 Hesiodum.

235 2055 294 2119 est,
315 2043 507 2108 novenarium
523 2044 671 2106 llourerus
686 2042 831 2124 agnoscit,
850 2042 907 2106 nisi
927 2041 956 2104 iu
977 2053 1129 2124 postremo
1146 2044 1296 2127 Odysseae
1316 2041 1401 2114 libro,

235 2148 264 2211 in
279 2168 340 2230 quo
355 2166 444 2230 quom
458 2146 597 2209 multaab
613 2144 829 2226 antiquioribus
845 2144 1025 2208 carminibus
1038 2144 1203 2210 llomericis
1215 2147 1403 2218 abhorreant,

235 2251 347 2314 dudunt
363 2250 400 2312 ab
414 2249 478 2312 aliis
494 2249 732 2311 demonstratum
747 2249 868 2325 eom).

318 2350 448 2414 lictoris
463 2370 498 2413 en
513 2350 624 2412 Latona
638 2347 750 2424 liberis,
770 2349 861 2412 Diana
881 2359 911 2413 ot
925 2349 1073 2432 Apolline,
1093 2348 1173 2412 nulla
1187 2359 1234 2413 est
1248 2350 1404 2431 utriusque

236 2463 340 2537 poetae
355 2453 518 2517 dissensio:
533 2451 569 2516 do
584 2452 621 2516 ils
636 2462 743 2528 auteur,
758 2471 834 2534 quos
845 2451 958 2516 lunone
970 2451 1118 2515 llesiodus
1133 2461 1219 2515 natos
1235 2453 1312 2527 dicit,
1327 2453 1404 2516 llar-

238 2569 328 2621 tema
349 2577 414 2620 sese
432 2567 605 2638 generatum
620 2574 687 2618 esse
703 2555 812 2637 iupiter
831 2555 895 2637 ipse
916 2564 1041 2618 testatur
1055 2555 1086 2617 ll.
1101 2555 1139 2629 V,
1160 2554 1237 2630 090,
1258 2556 1402 2637 llitbpianr
1460 2598 1463 2602 ›

237 2659 385 2722 llomerus
405 2657 496 2720 nrodo
516 2675 622 2730 unam,
643 2657 733 2720 nrodo
754 2656 854 2738 plures
877 2666 1037 2732 memorat,
1062 2676 1168 2739 easque
1188 2656 1311 2721 lunonis
1331 2659 1404 2722 idias

237 2762 381 2838 dicitttl,
396 2781 470 2842 quas
482 2760 553 2842 quin
565 2780 600 2823 er
612 2760 680 2823 love
691 2770 848 2841 conceptas
865 2761 1007 2837 statuerit,
1022 2781 1084 2824 non
1096 2761 1234 2843 estquod
1245 2761 1404 2833 dubitetur,

239 2865 342 2928 llcbcn
359 2864 484 2947 denique.
495 2884 519 2927 s.
536 2863 685 2926 iuventam
700 2863 854 2944 utriusque
869 2863 956 2926 filiam
972 2863 1097 2947 appellat
1112 2863 1166 2926 ot.
1182 2864 1236 2939 xt,
1256 2864 1333 2939 6033
1353 2866 1406 2928 sod

239 2968 321 3031 bunc
334 2968 433 3031 loourn
453 2967 664 3049 interpolatum
679 2986 745 3029 esse
760 2965 848 3029 certis
864 2966 1045 3048 argumentis
1061 2966 1264 3049 cognoscitur:
1279 2966 1346 3029 abbi
1361 2966 1406 3030 ills

240 3072 305 3134 sino
325 3080 481 3154 parentum
500 3069 652 3132 mentione
671 3069 855 3144 nominatur,
875 3071 908 3133 ll.
925 3069 976 3146 tv,
996 3070 1026 3132 2.
1043 3069 1072 3133 3.
1087 3069 1126 3144 V,
1142 3068 1216 3132 005.
1246 3068 1407 3132 Vulcanum

240 3195 357 3258 quoque
373 3174 521 3236 llomerus
535 3171 614 3236 loris
630 3192 666 3235 ex
679 3172 793 3236 lunone
808 3173 899 3237 idiunt
915 3193 982 3237 esso
997 3172 1141 3256 prerhibet,
1156 3171 1188 3236 tt.
1199 3172 1221 3247 l,
1238 3172 1310 3236 577.
1326 3171 1356 3236 0.
1370 3173 1407 3236 ct.

313 3506 355 3569 70)
368 3502 526 3555 corbelium
537 3517 601 3570 quun
613 3500 641 3553 C.
652 3501 682 3553 0.
696 3499 822 3554 Aiiillerus
833 3502 938 3567 monuit,
951 3501 1064 3568 Giitting.
1077 3501 1142 3555 Aua.
1158 3500 1223 3553 1010
1236 3517 1259 3569 p.
1270 3497 1330 3551 000.

312 3593 353 3656 00)
367 3590 531 3644 01000001
545 3588 726 3655 (0121110101.)
745 3587 787 3640 ubi
805 3587 838 3640 oi.
851 3587 1012 3653 libuoleium,
1026 3589 1127 3656 ineptae
1143 3587 1240 3640 vetoris
1256 3583 1411 3652 grammatici

245 3678 447 3747 interpretationi
466 3685 536 3729 recte
553 3676 740 3745 obloquentem,
758 3690 832 3745 quarn
844 3674 984 3727 Wclekoro
996 3675 1121 3744 placuisse
1135 3672 1319 3740 (linat-Koloe.
1331 3688 1355 3741 p.
1366 3670 1409 3736 00)

244 3765 373 3816 admodum
386 3762 472 3814 miror.

312 3850 354 3913 01)
368 3849 457 3917 lippin.
470 3864 494 3916 p.
507 3847 538 3899 10
550 3846 651 3899 Aluuek.

315 3935 356 3998 02)
370 3933 421 3986 Cic.
434 3935 459 3985 d.
472 3952 496 3985 n.
507 3934 532 3985 d.
545 3932 585 4000 ttt,
599 3934 640 4002 21,
651 3933 693 3984 01.

315 4019 356 4083 00)
374 4019 477 4072 Diodor.
490 4018 539 4087 tv,
557 4020 581 4072 7.
594 4020 677 4073 Sebol.
694 4019 767 4074 Pind.
780 4017 852 4074 Nem.
864 4019 910 4087 lll,
928 4015 1136 4082 rodmunt,
1153 4016 1195 4070 at.
1209 4015 1249 4070 Cf.
1261 4013 1364 4069 Weltlr.
1380 4015 1413 4066 ad

248 4106 327 4161 atem
337 4105 369 4158 ir.
383 4123 406 4175 p.
418 4103 460 4158 22.

317 4194 359 4259 at)
372 4191 396 4244 ls
409 4198 489 4243 tumen
501 4200 604 4261 praeter
614 4193 660 4245 bas
672 4193 795 4262 Apollinis
808 4193 888 4260 lilino,
905 4208 968 4262 quas
981 4200 1105 4244 trescase
1118 4189 1195 4255 ttrtt,
1209 4189 1285 4242 etiam
1297 4187 1355 4241 illas
1367 4204 1413 4240 no-

249 4296 307 4332 rern
318 4295 348 4331 ex
358 4276 418 4331 love
431 4286 503 4330 natac
514 4278 626 4344 agnovit
650 4279 708 4331 vit.
720 4279 776 4331 clus
788 4280 820 4333 l'r.
832 4280 898 4349 apud
910 4277 1071 4332 Alarkoebed'.
1085 4276 1179 4346 prot.

319 4365 361 4430 00)
378 4361 450 4415 cont.
468 4362 561 4431 Spolia.
577 4364 609 4416 do
623 4371 689 4417 extr.
707 4364 756 4418 ot.
773 4372 838 4434 part
851 4363 927 4434 pdd.
947 4363 1055 4418 Nonius
1066 4361 1147 4416 Alonis
1164 4361 1266 4431 propria
1278 4359 1415 4414 llcsiodu·

251 4451 357 4522 primaru
365 4447 514 4517 imposuisse
525 4447 608 4502 Varro
617 4450 708 4517 prodit,
721 4450 754 4504 ir.
766 4468 790 4520 p.
804 4451 855 4504 000
867 4452 920 4520 bip.

319 4536 361 4602 00)
371 4533 400 4589 ll.
412 4532 458 4601 At,
469 4532 530 4586 270.
541 4532 601 4588 271.
612 4533 682 4601 XVI,
697 4536 753 4590 107.
765 4536 839 4605 xlx,
853 4537 910 4592 100.
925 4534 983 4590 110.
1007 4535 1055 4590 (id.
1067 4531 1142 4601 XIX,
1155 4532 1213 4586 100.
