2962 4808
685 313 748 376 217

136 511 322 567 cementum:
342 521 403 565 non
419 513 517 566 tamen
532 503 677 569 eiusmodi
692 514 747 580 est,
762 514 796 568 ut
809 513 968 588 rvroptereo
982 498 1224 564 exterminandos
1240 499 1303 561 bos

136 608 215 669 duos
230 624 332 668 versus
348 606 516 671 iiennnnno
532 609 739 684 concesserim,
753 609 826 673 ilios.
843 609 880 672 rio
895 607 992 688 tbeog.
1009 607 1096 668 form.
1111 614 1171 668 ant
1187 624 1217 687 p.
1234 603 1285 666 12.

220 712 303 785 Quae
318 718 415 772 autem
430 723 601 792 sequuntur,
616 732 642 775 r.
659 711 852 776 rto-418:

237 807 294 876 καὶ
317 808 378 897 γάρ
401 810 455 877 eir
477 806 533 878 ὅτε
554 809 620 880 πού
642 836 695 893 τις
718 809 924 897 ἐπιχθονίων
946 805 1137 898 &oboriatur

237 908 340 1001 i'otitm
361 909 433 1003 ἱερά
454 915 540 983 καλά
561 917 647 984 κατά
669 915 770 1005 νόμον
792 912 978 1006 λλάσκηται,

239 1015 409 1108 κικλήσκει
429 1014 576 1112 Ἕκάτηκ.

138 1127 209 1188 boec
223 1145 283 1189 non
299 1136 365 1207 apte
381 1147 447 1190 eum
463 1127 665 1210 superioribus
680 1148 733 1211 per
747 1128 891 1192 musaiem
907 1125 1144 1191 coniunctionem
1161 1120 1219 1191 καὶ
1234 1123 1300 1213 reio

138 1229 212 1292 neoti
235 1231 421 1293 manifestum
441 1241 495 1295 est.
528 1233 629 1314 Neque
654 1235 733 1296 enim
758 1241 913 1315 propterea
936 1231 1042 1293 iiocnte
1063 1241 1171 1305 terroe,
1196 1233 1301 1308 moris,

138 1332 206 1416 cneii
227 1343 339 1414 portem
362 1334 468 1398 babere
487 1345 516 1398 et
535 1335 612 1418 npuei
633 1338 705 1399 eioos
721 1336 749 1399 in
763 1337 890 1400 maximo
907 1336 1022 1398 honore
1037 1354 1103 1396 esve
1118 1335 1174 1398 diei
1191 1339 1299 1418 potuit,
1393 1342 1395 1347 ’

138 1437 217 1517 quod
232 1437 269 1500 ob
285 1437 457 1502 bominibus
472 1440 502 1502 in
515 1442 595 1503 omni
611 1442 734 1503 eteorum
750 1438 894 1503 sacritieio
910 1439 1103 1511 invocaretur,
1116 1440 1169 1501 sesi
1184 1451 1300 1513 eontra,

137 1540 203 1621 quio
219 1549 276 1602 torn
293 1541 401 1623 ubique
415 1554 521 1624 potens
538 1553 655 1625 tamque
669 1543 746 1625 apud
759 1561 863 1604 omnes
874 1528 947 1604 boos
961 1542 1106 1604 bonomia
1121 1553 1208 1617 esset,
1223 1563 1299 1626 pro-

138 1654 238 1723 pterea
258 1643 344 1705 etiam
364 1643 400 1705 ob
416 1645 586 1707 bominibus
606 1646 681 1708 bano
696 1645 722 1706 ei
743 1645 956 1708 venerationem
972 1644 1144 1725 contigisse,
1164 1656 1196 1709 ut
1215 1646 1245 1708 in
1266 1667 1301 1710 re.

138 1745 233 1831 ‹iivinn
249 1745 379 1807 sociemio
401 1765 520 1828 semper
538 1747 631 1828 ipsam
653 1766 771 1828 quoqne
786 1747 962 1808 invocarent
992 1746 1090 1826 imque
1105 1747 1300 1829 Goettlingius

139 1848 195 1908 bos
210 1865 327 1921 versus,
348 1866 404 1910 una
425 1868 491 1911 oum
513 1849 655 1931 proximis
674 1868 768 1931 usquo
782 1851 818 1911 ori
836 1850 912 1922 42⁰,
933 1849 983 1930 qui
998 1849 1161 1913 arctissime
1176 1870 1243 1913 oum
1261 1852 1298 1914 iis
1320 1858 1339 1908 ὁ

137 1950 310 2024 cohaerent,
336 1950 403 2013 loco
423 1952 518 2013 olieno
539 1951 666 2036 scriptos
686 1972 752 2015 esso
772 1952 885 2026 strtrrit,
911 1953 1209 2035 transponentiosquo
1228 1964 1301 2036 post

138 2073 163 2116 v.
177 2053 248 2116 428.
279 2054 336 2116 Seri
352 2072 389 2116 ne
403 2054 453 2117 iiio
468 2056 585 2137 quidem
600 2057 666 2119 ineo
681 2066 747 2137 orno
764 2055 852 2118 rideri
869 2064 967 2137 potest
981 2056 1104 2118 causalis
1118 2056 1301 2132 eouinuotio,

138 2167 166 2218 et
180 2155 289 2218 leniore
305 2157 448 2220 rnoebeinn
464 2157 564 2222 vitium
580 2158 808 2233 removebimus,
822 2149 938 2242 ror'yoo
957 2176 1013 2240 pro
1028 2152 1086 2220 καὶ
1108 2153 1169 2241 γάρ
1190 2159 1300 2222 rescri-

138 2257 243 2320 bendo.
256 2294 297 2305 -
308 2259 352 2321 bei
369 2251 544 2346 ἱλάσκηται
560 2283 576 2322 e
591 2262 802 2344 superioribus,
818 2281 843 2324 v.
856 2263 928 2334 trs,
942 2260 1092 2324 subaudiri
1107 2261 1194 2324 (loiret
1207 2252 1300 2324 άθα-

139 2354 256 2437 νάτσις
281 2356 392 2439 benig.
435 2363 509 2426 Nom
530 2365 609 2446 ηιιοιΙ
629 2364 758 2446 licinius
777 2384 824 2446 τηι.
847 2363 935 2427 trotr.
956 2385 984 2446 η.
1003 2367 1055 2426 ibi
1080 2356 1180 2450 αι’·την
1198 2365 1299 2446 potius

138 2463 371 2528 subaudiendum
387 2467 493 2541 sunsit,
512 2477 644 2542 „utnon
661 2467 690 2530 iu
711 2466 864 2547 quibusvis
878 2466 965 2529 etium
981 2486 1056 2548 qum
1069 2467 1133 2531 niiis
1148 2467 1213 2531 tirio
1229 2469 1300 2532 iniit

137 2566 230 2631 enoris
252 2568 401 2631 invocetur
421 2569 540 2644 trecate,
559 2571 610 2633 seri
631 2581 665 2633 ut
684 2579 796 2632 tnntunr
817 2569 861 2633 iilo
880 2569 1011 2632 invoootn
1031 2570 1061 2632 in
1080 2570 1142 2633 suis
1162 2570 1301 2652 largiatur

138 2691 212 2752 ηιιτιι·
231 2671 296 2753 «nris
318 2684 453 2754 promtus
474 2672 595 2748 inerit“,
619 2674 678 2736 boc
695 2693 750 2754 ego
770 2672 831 2735 fiori
852 2692 913 2735 non
934 2693 1023 2754 posse
1041 2673 1183 2749 arbritror,
1203 2691 1300 2757 neque

139 2775 261 2838 Wolsms
282 2785 332 2838 out
352 2776 507 2858 qnisquam
529 2785 709 2850 oeteromm,
735 2797 812 2859 quos
832 2776 950 2858 quidem
970 2797 1026 2859 ego
1046 2778 1194 2852 noverim,
1218 2779 1298 2842 orbi·

139 2888 229 2944 butus
244 2887 297 2942 est.

223 2984 389 3046 cultoribus
406 2992 502 3046 nutem
520 2983 650 3058 iieootes,
667 2984 691 3046 si
708 3002 810 3065 preces
822 3002 924 3047 eornm
939 2984 1141 3055 exaudiuntur,
1156 2994 1185 3046 et
1201 2985 1301 3048 bonor

139 3086 218 3149 tacito
233 3097 262 3149 et
276 3107 350 3168 opes
365 3087 434 3149 deuo
449 3087 589 3149 beneiioio
605 3088 791 3167 contingunt,
806 3088 915 3169 quippe
931 3087 977 3150 eui
993 3097 1124 3170 potestus
1139 3106 1200 3150 non
1215 3089 1300 3163 desit,

138 3210 162 3251 v.
176 3189 368 3253 418—420:

684 3286 791 3378 ττολλη
813 3286 851 3357 τὲ
873 3284 904 3357 oi
928 3287 1052 3358 ἕσπετο
1073 3291 1154 3380 etro}

239 3397 312 3479 ῥεῖα
333 3386 424 3476 μάλ’,
448 3383 476 3480 ᾦ
499 3391 658 3482 πρόφρων
679 3415 716 3479 γε
736 3392 804 3459 θεά
826 3388 1024 3474 ὗτιοδὲξεται
1048 3389 1154 3478 τάχάς,

240 3490 297 3559 καί
318 3491 356 3560 τέ
377 3488 409 3559 oi
434 3488 532 3578 ὄλβον
554 3490 684 3577 ὀπάζει,
706 3493 783 3561 ἐπεὶ
806 3493 944 3580 diruptis
965 3518 1001 3582 γε
1023 3495 1193 3581 πάρεστιν.

143 3593 230 3684 'seren'
247 3618 333 3661 versu
351 3600 412 3662 ⁴118
429 3599 525 3680 possit
541 3619 596 3681 pro
613 3600 742 3682 praemio
759 3601 888 3664 cuiusvis
904 3603 1019 3682 generis
1034 3603 1141 3684 neritii,
1162 3624 1222 3685 quo
1237 3607 1300 3667 erri-

139 3713 217 3767 tores
239 3723 312 3765 suos
329 3702 435 3766 ileeoto
454 3714 671 3766 remuneretur:
697 3705 773 3767 molo
799 3713 895 3766 tooren
916 3705 953 3767 de
973 3707 1086 3769 bonore
1106 3706 1302 3788 interpretari,

138 3826 224 3888 «litem
242 3808 296 3869 dea
315 3806 469 3869 ronriiinro
485 3806 540 3868 ibis
556 3807 633 3888 nomi
649 3806 786 3869 homines
801 3808 926 3883 riirotur,
949 3810 1025 3872 sient
1044 3809 1121 3890 arturi
1139 3808 1300 3874 iiomemm

138 3905 174 3976 ἐκ
197 3905 284 3986 Διὸς
305 3905 383 3996 τιμη
408 3904 466 3973 καὶ
481 3906 580 3986 κῦδος
594 3901 759 3996 ὀττηὸιῖ,ΙΙ.
776 3905 852 3986 xlx,
868 3912 941 3974 251.
957 3947 997 3958 -
1013 3913 1047 3977 ln
1063 3913 1199 3994 proximo
1216 3934 1302 3978 versu

124 4013 265 4078 stativum
282 4012 467 4096 pronominis
482 3999 520 4099 ηἷ,
537 4033 623 4094 «ruem
635 4024 664 4077 et
678 4014 795 4077 codices
809 4015 896 4095 longe
908 4015 1026 4098 plurimi
1036 4016 1156 4092 hubent,
1170 4027 1200 4081 et
1212 4018 1302 4082 sebo-

104 4141 106 4143 *
137 4119 173 4180 iia
193 4127 372 4199 agnoscunt,
396 4135 457 4179 non
478 4116 560 4179 rirleo
581 4136 635 4180 rur
654 4137 831 4199 spernamus
851 4139 921 4201 prae
940 4119 1065 4201 genitivo
1087 4107 1142 4197 ob,
1162 4143 1179 4185 a
1198 4123 1302 4205 paucis

138 4222 313 4302 quibusdam
336 4219 486 4283 codicibus
505 4219 612 4282 oblato.
643 4219 717 4283 Nam
732 4220 811 4302 quod
828 4221 1022 4305 Goettlingius
1037 4223 1155 4289 alterius
1170 4237 1302 4290 stmctu·

139 4341 197 4398 roe,
214 4315 378 4406 δέχεσθαί
398 4313 466 4385 reri
485 4341 533 4399 τι,
556 4339 617 4385 non
634 4322 689 4386 olio
704 4323 836 4404 exempla
851 4337 951 4388 estare
964 4336 1111 4403 autumni,
1127 4328 1185 4393 uisi
1200 4340 1233 4394 ut
1246 4329 1301 4394 ab·
