2962 4808
607 441 670 504 248

58 653 125 697 esso
143 632 219 694 hanc
233 629 409 693 llesiodeam
425 629 567 704 llecaten,
588 629 681 712 qualis
701 627 727 691 si
746 625 833 708 vulgo
853 625 961 690 credita
981 639 1074 704 esser,
1093 627 1139 690 vix
1159 622 1221 689 deri

60 733 198 818 potuerit,
219 743 251 795 ιιι
270 740 320 795 rut
335 751 402 794 cum
417 731 501 795 Luna
516 741 566 797 aut
582 751 648 795 cum
664 730 753 793 orans
770 738 902 793 autenm
919 729 1097 812 Proserpina
1112 729 1169 803 sic,
1190 736 1223 790 ut

59 859 75 900 a
90 836 235 918 plerisque
251 835 359 897 lactum
375 844 430 908 est,
447 834 683 898 contunderetur.
707 832 785 895 Nihil
796 831 877 895 enim
888 832 915 894 ei
927 832 1042 895 illorum
1054 848 1222 904 munerum,

59 959 132 1023 qaue
151 939 255 1001 harum
276 936 380 1019 cuique
395 937 543 1018 assignata
558 947 655 1011 crant,
677 946 816 1019 tanquam
832 935 987 1018 proprium
1004 935 1153 1009 tribuitur,
1169 933 1222 995 sed

60 1042 154 1106 maior
173 1040 314 1122 quaedam
334 1050 481 1121 protestis,
502 1061 592 1123 eaque
612 1051 670 1104 tatu
691 1040 747 1103 late
766 1049 885 1122 pateus,
904 1049 938 1103 ut
957 1039 1027 1102 nihil
1042 1040 1068 1102 ei
1083 1057 1178 1120 neque
1193 1036 1223 1100 iu

60 1146 150 1218 caelo,
165 1163 261 1226 neque
273 1143 302 1206 iu
315 1143 397 1216 mari,
413 1144 550 1225 nmuciu
564 1155 714 1207 terranon
726 1162 862 1207 unacum
877 1142 980 1206 ceteris
992 1142 1054 1204 deis
1067 1149 1224 1223 competat.

59 1250 100 1312 lle
112 1267 182 1310 orco
197 1255 310 1310 tantum
323 1255 352 1307 et
364 1245 463 1309 inieris
477 1256 598 1321 tacetur,
613 1248 805 1330 quamohrem
821 1247 879 1310 huc
893 1245 957 1308 eius
972 1261 1082 1307 numen
1094 1243 1224 1307 Hesiodo

62 1371 122 1416 ιιιιιι
137 1349 282 1434 pertinere
298 1349 392 1413 uisum
408 1370 475 1412 ease
491 1352 666 1415 corrieeeris:
688 1352 767 1434 quod
784 1351 809 1414 si
825 1352 862 1414 ita
879 1358 936 1424 est,
955 1349 998 1411 vel
1013 1348 1083 1411 hinc
1096 1354 1226 1429 apparet,

61 1457 145 1540 plane
156 1474 222 1518 eam
235 1473 251 1517 a
267 1453 445 1536 Proserpina
458 1455 668 1536 seiungeudam
681 1477 757 1519 esse.
781 1457 881 1519 bunae
892 1463 988 1516 nartem
1001 1462 1030 1514 et
1041 1453 1149 1515 Dianae
1164 1468 1225 1514 uon

62 1560 161 1624 miuus
175 1577 262 1641 quam
278 1567 444 1621 ceterorum
460 1559 584 1622 deorum
602 1561 681 1623 socia
696 1561 813 1642 quidem
826 1575 982 1622 muncrum
995 1565 1024 1619 et
1035 1573 1161 1619 consors
1172 1555 1225 1617 ba-

61 1663 123 1728 beri
143 1661 255 1746 potuit,
279 1662 420 1725 conlundi
439 1672 537 1726 auteur
554 1683 621 1728 cum
641 1664 750 1729 utravis
770 1682 871 1728 eauuu
892 1671 1015 1745 propter
1034 1661 1129 1744 ipsam
1150 1659 1226 1722 illam

62 1766 217 1851 potcstatis
237 1765 459 1848 amplitudinem
480 1785 541 1830 nou
561 1768 672 1850 potuit,
692 1787 766 1850 qum
783 1776 861 1829 tanta
876 1786 943 1828 esse
957 1764 994 1827 alr
1010 1764 1138 1827 Hesiodo
1154 1763 1227 1826 dici·

63 1880 121 1944 tur,
136 1879 168 1931 ut
183 1879 338 1950 propterea
355 1867 385 1930 iu
400 1868 539 1930 omuibus
554 1879 719 1933 ceterorum
736 1870 859 1931 deorum
871 1867 964 1932 sucus
975 1867 1061 1929 etiam
1074 1867 1180 1928 llecate
1190 1866 1227 1929 ab

63 1971 236 2036 hominibus
257 1969 418 2032 inroranda
438 1971 490 2042 sit,
511 1971 538 2033 id
559 1972 638 2053 quod
657 1973 686 2035 iu
703 1973 787 2033 deam
803 1971 903 2033 laruae
918 1978 968 2031 aut
982 1968 1088 2032 Diauae
1102 1969 1227 2032 similem

64 2077 198 2157 prolecto
217 2089 279 2135 uon
301 2072 389 2145 radit,
408 2073 460 2134 sed
481 2091 518 2135 ne
538 2073 574 2134 ele
589 2074 697 2137 llecate
711 2075 829 2156 quidem
846 2073 882 2135 ab
897 2073 954 2135 alio
973 2090 1122 2153 quoquam
1137 2071 1228 2135 tradi-

67 2188 129 2240 tum
149 2185 203 2238 est.
233 2175 369 2237 Testatur
388 2174 505 2256 quidem
528 2187 610 2238 retus
631 2177 805 2257 theogoniae
821 2176 980 2258 interpres,
998 2177 1075 2258 apud
1091 2176 1230 2251 Boeotos,

64 2279 186 2343 llesiodi
207 2279 378 2360 populares,
399 2279 475 2340 hauc
495 2279 579 2341 domu
596 2280 731 2360 religiose
745 2279 851 2343 cultam
867 2298 933 2342 esse
947 2279 1068 2360 eiusque
1082 2277 1229 2357 religionis

64 2382 183 2463 vestigia
203 2381 337 2445 studiose
358 2381 379 2442 1.
397 2380 433 2444 ll.
447 2380 570 2444 l'ossius
593 2393 789 2465 persequutus
810 2392 869 2456 cst,
889 2381 983 2464 Epist
1005 2381 1126 2464 mythol.
1142 2380 1181 2444 ιιι
1200 2401 1229 2462 p.

66 2486 127 2549 ton
147 2505 192 2567 sq.
223 2484 330 2546 Verum
354 2501 409 2546 nee
429 2483 519 2546 muita
539 2485 613 2547 haec
631 2496 716 2562 sunt,
741 2504 796 2549 nec
811 2485 890 2560 talia,
911 2503 984 2566 quae
1001 2484 1131 2548 diversas
1149 2483 1227 2565 apud
1294 2468 1296 2473 ’

64 2590 194 2653 Boeotos
214 2607 303 2670 quam
324 2587 400 2669 apud
422 2597 535 2650 eeteros
551 2589 680 2652 Graecos
700 2589 737 2652 de
754 2589 859 2651 lleeate
879 2587 1035 2669 opiniones
1054 2587 1145 2649 luisse
1159 2605 1228 2668 per·

65 2692 216 2756 stradeant
246 2691 346 2772 Neque
366 2711 399 2753 cx
423 2691 615 2773 popularibus
631 2693 823 2775 opinionibus
838 2692 965 2754 lleraten
980 2691 1016 2754 ab
1031 2689 1160 2753 Hesiodo
1176 2690 1229 2753 de-

66 2795 204 2878 scriptam
225 2814 292 2857 esse
312 2794 510 2869 crediderunt,
535 2798 585 2878 qui
606 2808 674 2861 ante
692 2816 749 2860 uos
770 2797 851 2860 huuc
869 2795 967 2858 locum
983 2803 1158 2867 uacumnr,
1177 2793 1229 2856 sed

65 2899 221 2982 rrrpsticum
242 2900 389 2980 qucudarrr
410 2910 497 2980 atque
511 2901 675 2983 Orphicum
696 2901 819 2964 odorem
839 2899 869 2962 ιιι
889 2899 935 2963 illa
956 2897 1155 2980 descriptione
1173 2895 1230 2960 sibi

66 3003 202 3067 olfecisse
226 3000 278 3065 sisi
304 3011 383 3065 sunt.
423 3002 531 3066 Contra
552 3006 689 3080 l'ussius,
716 3005 839 3067 idoneus
858 3003 964 3066 harum
989 3021 1088 3067 rorum
1112 3000 1230 3074 arbiter,

64 3107 156 3170 ullum
174 3106 312 3189 mpstirae
327 3105 477 3170 doetrinae
492 3109 644 3192 uestigium
660 3119 711 3173 aut
725 3106 932 3191 mysteriorum
948 3106 1120 3170 vocahrrlrrur
1137 3104 1166 3167 iu
1183 3103 1230 3168 his

66 3209 187 3273 llccatao
211 3211 346 3273 laudibus
369 3211 466 3274 inesse
492 3224 591 3292 negat,
612 3214 666 3295 Ep.
689 3213 779 3294 mpth.
799 3212 837 3275 ιιι
858 3232 886 3293 p.
903 3213 956 3285 15,
975 3211 1136 3274 miraturus
1155 3229 1228 3292 pro-

68 3319 143 3379 iecto
159 3334 346 3398 magnopere,
364 3317 388 3379 si
406 3316 475 3379 illud
491 3311 697 3405 μουνογενής,
713 3315 1020 3399 queremonias
1035 3316 1150 3396 legitur,
1166 3323 1232 3377 tau·
1269 3339 1273 3349 ·

68 3439 156 3501 quarn
179 3420 365 3483 nranilestum
388 3420 537 3501 Orphicae
562 3421 726 3503 theologiae
752 3421 890 3484 indicium
916 3419 971 3482 sibi
997 3418 1084 3481 obiici
1103 3417 1232 3480 vidisset.

18 3532 48 3586 tt
70 3525 169 3606 Neque
190 3533 287 3587 taurcu
307 3524 383 3586 aliud
403 3524 494 3587 ullum
515 3525 600 3587 istius
621 3524 771 3606 opinionis
791 3531 995 3605 argumentum
1015 3523 1161 3604 prolatum
1177 3530 1231 3583 est.

68 3661 110 3674 —
128 3627 270 3689 Nor'iurns
290 3627 411 3689 llecates
431 3627 567 3709 mysteria
587 3629 665 3709 apud
682 3628 835 3708 Aeginetae
857 3625 961 3701 luisse,
985 3626 1022 3688 ab
1043 3625 1178 3707 Orpheo,
1202 3633 1235 3686 ut

70 3728 193 3801 aiebant,
209 3728 355 3791 instituta:
369 3730 420 3790 sed
434 3729 549 3810 qualem
561 3729 717 3810 Aeginetae
729 3728 857 3792 lleraten
873 3727 1058 3801 crediderint,
1073 3744 1160 3789 nemo
1176 3744 1233 3788 nos

72 3830 180 3893 docuit.
209 3832 241 3892 ln
253 3831 408 3895 Eleusiniis
424 3851 541 3913 quoquc
552 3832 675 3896 liceatne
692 3830 789 3894 locum
803 3831 896 3893 luisse
906 3829 1110 3911 agnoscimus:
1126 3846 1234 3909 nempe

72 3933 168 4006 ulem,
183 3934 295 4014 qualem
311 3934 438 4016 hpmuus
455 3933 629 3998 llomericus
646 3935 675 3997 in
693 3934 827 3998 Cererem
843 3932 959 4006 indicat,
974 3952 1000 3993 ιι.
1013 3933 1085 4006 «til,
1101 3923 1235 4013 πρόπο·

72 4031 128 4098 ιον
141 4054 205 4098 caua
220 4045 248 4097 et
263 4025 393 4100 duriore
405 4038 597 4121 Proserpinae
612 4039 724 4113 dicens,
741 4039 820 4121 quod
834 4045 1014 4121 quantopere
1025 4035 1061 4097 ah
1073 4033 1234 4097 llesiodeao

73 4138 195 4201 lleeates
214 4157 341 4220 persona
361 4141 529 4217 abhorreat,
548 4143 697 4207 neminem
719 4142 800 4225 lugit
831 4140 960 4222 lienique
979 4137 1009 4201 in
1032 4134 1233 4202 Samothracia

72 4242 200 4306 liceaten
214 4262 231 4305 a
244 4241 472 4324 periclitantibus
487 4245 651 4309 invocatam
666 4266 732 4310 esse
743 4245 887 4328 legimus⁰
896 4246 940 4321 ⁸);
955 4242 1007 4306 scd
1019 4260 1093 4323 quae
1104 4248 1234 4322 practer·

142 4445 185 4512 68)
203 4445 287 4502 Sebol.
300 4448 428 4518 Aristopb.
440 4450 497 4506 Pae.
509 4468 535 4506 ιι.
545 4453 604 4508 ιιι.
625 4455 696 4508 siit.
705 4469 762 4509 av.
776 4446 840 4506 ἀλλ’
855 4453 966 4511 elrrrct
980 4466 1002 4502 ι.
1010 4464 1036 4502 ιι.
1047 4441 1234 4520 tancredae·
