2962 4808
616 362 816 460 ...Rb-

137 547 345 610 castrationem
368 547 438 630 quid
461 548 641 613 Centimanis
661 561 690 613 et
708 547 883 632 Cprlopilms
904 551 1012 611 lactum
1032 547 1083 636 sit,
1106 545 1187 609 nullo
1210 543 1301 606 cerlo

138 648 291 728 significat,
307 659 337 712 et
351 660 453 732 postes
464 651 583 715 demum
596 652 796 734 permansisse
806 671 858 714 eos
871 659 902 714 ut
917 659 1001 712 erant
1012 650 1143 713 inclusos
1155 647 1301 717 ridemus,
1319 659 1339 708 s

138 751 234 815 donec
248 753 366 816 tandem
380 774 397 816 a
409 753 475 818 love
489 755 601 820 liberati
621 757 682 819 sint
693 763 700 800 ¹
712 760 754 832 θ).
784 758 912 836 rlpparet
926 754 1012 834 igitur
1025 754 1098 816 baec
1112 770 1173 815 non
1188 751 1303 834 optime

137 856 307 930 cobserere,
327 867 356 919 et
378 876 509 939 pugnare
528 858 749 941 quodammodo
770 857 846 919 iuter
861 877 902 918 se.
939 855 1014 918 Natu
1034 856 1084 938 qui
1105 855 1302 917 insurrexisse

140 957 299 1021 Saturnum
311 959 433 1040 eiusque
446 963 551 1023 lrntres
562 972 665 1024 contra
676 961 798 1022 coetum
810 968 967 1041 propterca
979 957 1112 1031 credidit,
1124 956 1191 1037 quis
1202 955 1302 1018 t‘rnti·

140 1059 218 1122 mani
232 1070 261 1123 et
275 1059 417 1144 Cyclopes
438 1062 474 1126 ab
490 1083 526 1124 eo
542 1063 645 1125 inclusi
660 1070 776 1135 essent,
798 1063 823 1122 is
838 1078 899 1122 non
914 1061 1010 1141 potuit
1024 1077 1086 1121 non
1101 1060 1229 1130 credere,
1244 1057 1302 1120 bos

139 1171 242 1244 postea
253 1182 270 1225 a
280 1163 442 1227 vindicibus
458 1164 520 1227 suis
535 1165 623 1227 etiam
639 1164 791 1226 restitutos
808 1163 837 1224 iu
852 1163 1015 1224 libertatem
1030 1181 1106 1232 esse,
1120 1171 1150 1223 et
1161 1161 1187 1223 si
1202 1170 1302 1222 tanam
1417 1161 1423 1170 ’

139 1283 191 1327 eos
205 1273 308 1345 posteo
322 1264 418 1327 olore
432 1265 547 1328 solutos
561 1275 733 1328 narraturus
747 1273 819 1336 erut,
834 1262 956 1325 delebat
971 1264 1081 1341 lingere
1096 1262 1202 1325 iterum
1218 1263 1303 1324 aSs·

140 1377 228 1428 turno
243 1366 273 1428 in
289 1365 401 1428 vinculo
416 1367 568 1428 coniectos
584 1366 689 1440 brisso,
704 1363 954 1445 quemadmodum
971 1366 1102 1426 lecerunt
1116 1383 1193 1444 quos
1209 1364 1304 1445 bpol·

140 1466 261 1530 lodorus
277 1477 412 1529 auctores
427 1466 538 1530 babuit.
568 1469 676 1528 Contm
689 1467 739 1548 qui
755 1466 956 1547 permansisse
972 1465 1036 1526 illos
1052 1465 1081 1527 in
1098 1465 1220 1527 sidrudis
1235 1484 1303 1546 per·

140 1568 235 1650 petuis
260 1569 383 1631 eredidit
407 1567 527 1631 utloelo
548 1585 642 1648 usque
661 1568 697 1629 ad
712 1566 827 1640 iorem,
846 1567 928 1628 ltunc
947 1585 1009 1627 non
1024 1566 1181 1629 verisimile
1195 1577 1241 1629 est
1264 1566 1305 1628 ob

141 1671 213 1733 iram
228 1670 351 1744 Terrae,
367 1669 497 1731 inclusos
511 1668 620 1730 liberos
635 1687 710 1730 suos
725 1666 818 1728 emitti
833 1667 993 1747 cupientis,
1008 1669 1169 1729 Saturnum
1182 1667 1305 1749 eiusque

141 1776 244 1835 fratres
269 1771 299 1833 in
317 1770 437 1832 Coelurn
458 1769 621 1832 concitatos
646 1769 816 1831 credidisse.
847 1769 953 1832 Fuisse
972 1768 1060 1849 igitur
1079 1770 1213 1832 ridemus
1233 1770 1307 1832 duas

141 1873 272 1936 eiusdem
291 1872 333 1934 rei
355 1871 537 1935 narrationes
558 1870 633 1933 inter
647 1890 680 1931 se
696 1870 840 1941 diversas,
860 1889 985 1950 quarum
1005 1889 1040 1931 es
1056 1881 1179 1952 utraque
1198 1871 1307 1952 aliquid

142 1969 315 2056 tbeogoniue
330 1974 514 2055 compositor
528 1972 642 2046 ascivit,
663 1981 798 2035 neutram
814 1971 970 2052 integram,
985 1991 1081 2053 neque
1095 1971 1308 2047 animadvertit,

142 2093 247 2158 parum
265 2075 466 2138 convenientia
480 2095 497 2138 s
512 2095 545 2138 se
562 2075 712 2157 componi.
743 2075 877 2137 Ceterum
893 2075 965 2137 mibi
981 2075 1053 2137 baec
1067 2076 1211 2151 narratio,
1229 2094 1308 2156 quae

142 2179 261 2240 coelum
282 2187 407 2260 propter
425 2178 541 2242 vinctos
562 2178 703 2260 Cyclopes
721 2187 752 2239 et
769 2177 960 2240 Centimanos
985 2197 1001 2239 a
1022 2178 1151 2240 Saturna
1171 2178 1307 2258 punitum

143 2280 238 2360 lingit,
257 2265 427 2343 recentioris
447 2281 569 2362 originis
584 2301 651 2343 esse
666 2280 795 2351 ridetur,
817 2289 847 2341 et
866 2281 1024 2360 excogitata
1044 2281 1081 2343 ad
1103 2280 1228 2342 fabulam
1245 2299 1308 2344 uon

142 2382 267 2463 amplius
287 2383 460 2447 intellectam
475 2384 568 2465 aliqua
584 2381 727 2464 probabili
747 2393 776 2444 et
791 2382 875 2463 quasi
891 2381 1070 2463 pragmatica
1085 2382 1199 2445 ratione
1213 2383 1307 2466 expli·

143 2485 281 2559 eandam,
303 2486 413 2549 scilicet
435 2486 556 2548 nesius
576 2504 663 2548 causa
684 2494 797 2548 tantum
819 2485 930 2549 beluus
948 2505 964 2548 a
984 2485 1050 2548 siliis
1070 2496 1173 2549 contra
1193 2497 1309 2568 patrem

143 2588 336 2651 commissum
352 2588 506 2652 diceretur.
536 2589 638 2669 lpsum
659 2596 755 2650 autem
772 2607 864 2668 genus
879 2587 1035 2660 facinoris,
1057 2588 1209 2663 castratio,
1228 2590 1309 2653 eius·

145 2690 225 2752 modi
241 2700 298 2764 ost,
319 2701 427 2753 utnon
443 2690 558 2754 difficile
572 2689 612 2752 sit
630 2707 728 2752 reram
744 2689 889 2752 rationem
905 2689 1057 2772 plqsicant
1074 2689 1180 2772 impiae
1196 2692 1310 2755 fabulae

145 2792 286 2855 inclusam
307 2794 533 2876 deprehendere.
567 2793 679 2874 lt'ernpe
699 2802 891 2875 posteaquam
911 2813 928 2856 e
946 2794 1026 2856 Chao
1043 2793 1147 2867 Terra,
1165 2814 1201 2856 ex
1216 2795 1310 2859 Terra

143 2897 263 2960 Coelum
279 2897 438 2978 prodierat,
456 2897 509 2961 luit
524 2897 674 2978 quoddam
690 2905 890 2979 tempusque
906 2905 1022 2977 prueter
1036 2896 1158 2959 Terram
1170 2897 1310 2961 Coelum·

144 3019 201 3081 que
215 3000 285 3062 nibil
301 3009 379 3063 esset
394 3020 494 3064 earum
515 3020 631 3075 rerum,
652 2999 759 3081 quibus
779 3000 855 3061 banc
870 2999 971 3061 rutundi
989 2999 1209 3063 universitatem
1224 3021 1310 3065 coras·

144 3102 215 3182 pleri
235 3102 382 3176 ridemus,
408 3122 469 3167 non
486 3103 537 3166 Sul
558 3123 613 3166 nec
631 3102 713 3165 buna
738 3102 853 3183 aliaque
876 3101 986 3176 sideru,
1011 3120 1073 3165 non
1090 3121 1182 3184 aquae
1202 3114 1311 3167 terrum

144 3204 308 3269 ambientes
324 3215 353 3269 et
367 3216 584 3289 percurrentes,
600 3224 661 3268 non
678 3205 789 3284 ignium
801 3205 929 3268 arderet
945 3205 1093 3286 splendor,
1108 3225 1170 3270 non
1185 3206 1235 3284 dii,
1248 3226 1312 3271 non

146 3308 281 3373 bomines
297 3328 393 3391 neque
405 3309 574 3373 onisiralium
588 3308 784 3390 stirpiumquc
799 3307 876 3371 raris
889 3326 1005 3389 grutero,
1021 3328 1116 3390 neque
1126 3310 1206 3393 leges
1217 3321 1313 3376 certae

146 3412 281 3498 vicesque
295 3432 405 3489 rerum,
420 3413 482 3486 sed,
499 3423 532 3476 ut
546 3412 588 3476 ait
599 3420 702 3494 poeta,

415 3534 495 3578 unus
510 3525 573 3578 erat
587 3525 649 3577 toto
665 3523 786 3576 naturae
801 3515 897 3577 vultus
913 3515 943 3577 in
959 3515 1040 3577 orbe.

148 3619 258 3682 llarum
274 3627 372 3682 autem
387 3636 485 3681 rerum
498 3616 632 3680 cronium
648 3616 727 3679 initia
743 3626 806 3680 orta
822 3628 892 3680 sunt
903 3618 981 3680 coeti
993 3617 1020 3679 ri
1035 3617 1174 3699 genitrice
1189 3619 1314 3685 Terram

149 3722 335 3786 fecundante:
357 3719 408 3783 sed
424 3722 517 3784 semel
532 3720 578 3783 bis
595 3720 668 3782 ortis
683 3720 885 3803 generalisque
900 3739 1023 3784 necesse
1038 3721 1093 3783 luit
1107 3740 1213 3786 rursus
1227 3724 1315 3787 etiam

148 3829 236 3890 linem
251 3823 314 3887 fieri
329 3822 497 3904 generandi,
512 3842 568 3886 nec
581 3840 658 3886 nora
673 3841 791 3904 semper
805 3822 860 3886 slis
876 3842 967 3904 snper
981 3823 1036 3886 alia
1052 3826 1210 3906 procreari
1241 3829 1314 3891 Cer·
1339 3852 1372 3903 10

92 3986 94 3989 ,
149 3938 212 3994 tum
231 3927 310 3992 cuim
329 3938 359 3991 et
383 3926 534 3991 definitum
553 3926 686 3991 ridemus
705 3944 805 3990 rerum
829 3944 1005 3990 numerum:
1027 3945 1089 3991 non
1112 3946 1189 3993 nora
1209 3950 1317 4013 genera

219 4084 359 4093 -.υ-οη...-
383 4085 396 4092 —

220 4169 261 4232 ¹³)
273 4167 369 4236 Tbeog.
382 4168 429 4221 sut
443 4184 496 4237 sqq.
508 4175 536 4220 et
547 4168 597 4221 61⁵
607 4184 660 4236 sqq.
683 4166 795 4235 Utroque
805 4166 862 4219 loco
871 4167 980 4222 dubitsri
989 4187 1038 4223 sou
1049 4180 1143 4240 potest,
1155 4174 1214 4242 quin
1225 4168 1319 4243 noreio

151 4271 213 4321 nou,
225 4262 254 4306 ut
267 4256 411 4323 quibusdan
423 4253 505 4307 risum
517 4261 567 4321 est,
578 4255 610 4308 tls
621 4253 702 4323 loris,
715 4253 816 4307 vinctos
829 4255 965 4324 solventis,
977 4257 1022 4310 sed
1034 4258 1066 4310 ds
1078 4260 1174 4328 borum,
1186 4260 1228 4328 qui
1241 4261 1318 4312 vtseu

150 4348 234 4408 erunt,
245 4347 318 4410 putes
329 4341 500 4411 ueclpisnduru
511 4339 554 4393 slt.
