2962 4808
619 371 818 474 Aac...

135 563 292 628 voluntat
311 582 362 640 eo,
387 565 466 648 quod
486 565 581 648 prima
600 576 704 633 namra
724 576 944 646 ceterarumque
963 559 1099 625 omniurn
1119 557 1204 640 origo
1223 577 1301 640 aqua

136 668 184 744 sit,
199 678 231 732 ut
244 676 290 732 est
304 668 334 731 in
350 668 480 749 Orphico
495 670 605 753 hymno
621 672 725 736 xxtv:

300 765 440 854 Πρωτέα
461 768 628 859 κικλήσκω
651 769 776 839 πόντοι·
800 757 939 860 κληῗδας
960 761 1092 850 ἔχοντα,

302 872 507 961 πρωτσμτνη,
529 871 642 964 πόσης
662 871 793 965 ηόσεως
815 869 917 960 ἀρχὰς
938 866 976 951 tle
997 865 1128 960 ἔηηνινι

136 998 228 1061 eaque
248 978 337 1053 ratio,
356 989 389 1041 ut
410 978 441 1040 in
455 980 553 1043 Protei
573 980 693 1043 nornine
708 981 818 1063 llepnio
835 978 1026 1043 Selm'encltio
1041 976 1162 1057 aliisque
1176 975 1301 1058 probata

136 1087 247 1158 est⁸⁰),
263 1081 301 1144 ita
317 1081 477 1163 quominus
489 1083 575 1146 etiam
588 1083 619 1146 in
630 1084 755 1147 domum
767 1083 937 1155 Nereidum,
952 1075 1134 1163 Πρωτοῦς
1147 1089 1176 1141 et
1191 1079 1302 1160 Πριν-

136 1177 359 1266 τομεδείας,
373 1184 527 1248 Primiae
543 1186 811 1262 etPrimicurae,
826 1185 997 1248 nominibus
1009 1182 1151 1266 probetur
1161 1181 1301 1263 equidem

138 1308 198 1351 iton
214 1288 401 1352 intercedam.

221 1391 283 1454 illia
299 1409 390 1473 porro
406 1391 527 1454 nomina
543 1392 579 1454 ad
595 1389 844 1473 psutchritudinem
859 1389 949 1452 maris
963 1389 1126 1470 pertinent,
1140 1379 1182 1449 21
1187 1381 1300 1473 γαόη,

136 1495 308 1569 lliranda,
328 1514 353 1557 r.
366 1495 444 1570 216,
459 1503 490 1556 et
503 1488 706 1581 Πασιθέη,
727 1492 941 1574 conspicua,
956 1511 981 1554 v.
994 1492 1067 1563 247,
1083 1491 1120 1553 dc
1135 1510 1194 1572 quo
1210 1511 1302 1571 supra

137 1598 274 1672 diximus,
289 1597 343 1661 alia
358 1597 395 1659 ad
407 1597 616 1661 amoenitatem
628 1597 864 1676 suavitatemque,
878 1605 911 1657 nt
921 1587 1084 1679 Εὖκρότη,
1100 1594 1305 1675 Tenrperia,

136 1721 162 1764 r.
175 1701 248 1774 211,
263 1720 337 1781 quac
352 1700 479 1762 aestivos
495 1701 607 1762 calores
622 1720 748 1763 amoeno
764 1699 872 1779 [rigore
887 1706 1041 1778 temperat,
1056 1706 1106 1759 aut
1121 1692 1179 1759 διὰ
1193 1692 1233 1759 τό
1247 1689 1304 1760 τό·

139 1797 280 1890 κρότοις
299 1796 433 1867 διδόναι
448 1796 525 1877 τούς
547 1793 658 1886 ἀέρας,
679 1813 712 1867 ut
725 1803 765 1865 ait
780 1801 967 1865 scholiastes:
987 1791 1144 1882 Ἔρατιό,
1166 1802 1304 1873 Amata,

138 1926 164 1969 r.
177 1906 254 1980 247,
273 1915 303 1968 et
318 1897 490 1991 Μελίτη,
510 1905 657 1979 Molliter,
677 1925 702 1968 r.
715 1905 792 1980 216,
812 1905 848 1968 ad
869 1924 956 1986 equam
972 1902 1193 1966 similitudinum
1214 1903 1304 1966 etiam

137 2009 203 2072 aliis
219 2009 329 2072 strabus
345 2008 450 2071 blatrtla
462 2009 584 2071 nomina
596 2007 832 2090 imponebantur,
848 2018 880 2071 ut
892 2006 1088 2088 Proserpinae
1099 2000 1307 2092 Πιλιτιόδης

137 2122 188 2175 aut
201 2105 396 2196 Medsseivp,
418 2111 525 2174 [lianae
545 2104 783 2196 Βριτόμαρτις,
806 2111 888 2191 quod
908 2128 1018 2172 nomen
1033 2109 1064 2171 in
1079 2128 1218 2172 sermone
1233 2112 1305 2172 tire·

139 2215 266 2278 tensium
286 2215 357 2277 nihil
376 2214 453 2278 aliud
476 2233 563 2296 quam
584 2215 720 2277 ‹ltrlcem
739 2213 891 2295 puellam
910 2213 1072 2293 significare
1087 2212 1207 2275 Solinus
1224 2232 1250 2274 e.
1267 2214 1301 2275 ll

140 2325 271 2380 testatur.
287 2352 330 2363 —
348 2307 467 2402 <11ιή,
484 2316 621 2390 Salina,
639 2337 664 2378 r.
677 2316 751 2390 215,
766 2316 791 2378 si
807 2335 908 2379 rerum
923 2325 969 2378 est
984 2315 1042 2378 lroc
1056 2334 1179 2391 nornen,
1194 2336 1252 2397 qua
1268 2317 1305 2380 de

139 2437 171 2481 re
183 2419 258 2482 intra
269 2419 390 2493 dicetur,
405 2427 435 2480 et
449 2410 491 2479 ‘A
495 2411 590 2503 ltpq‘
596 2415 640 2502 δη
646 2463 655 2495 ,
671 2418 865 2500 Salsipotn,
881 2438 907 2481 v.
919 2419 991 2491 255,
1006 2418 1114 2481 unllam
1126 2419 1304 2500 interpreta-

141 2521 249 2584 tionem
267 2531 408 2602 poscunt:
425 2511 600 2606 Εόάρνην
615 2520 756 2601 denique,
776 2539 801 2581 r.
815 2520 892 2594 259,
911 2540 975 2582 eam
991 2525 1058 2582 ess'e
1072 2519 1213 2593 arbitror,
1229 2542 1306 2603 quae

139 2623 236 2686 bonos
256 2643 349 2705 agnos
370 2624 439 2696 alate
457 2621 544 2685 latine
564 2622 802 2705 Agnipaseam
822 2622 943 2697 dixeris,
963 2624 1044 2705 quod
1064 2642 1173 2686 nomen
1189 2625 1305 2690 etiamsi

83 2749 85 2753 ’
140 2725 277 2790 Oceanidi
294 2724 386 2805 magis
403 2743 491 2805 quam
507 2723 633 2797 Nereidi,
649 2724 743 2787 dulcis
758 2744 851 2806 aquae
863 2724 937 2788 ionti
949 2744 1037 2807 equam
1050 2726 1133 2800 rrrari,
1148 2728 1306 2791 eonvenite

140 2829 279 2903 vitientur,
290 2862 333 2873 -
344 2834 376 2889 ul
390 2827 480 2889 l'ecu
488 2846 506 2908 p
515 2846 594 2889 asca
610 2826 664 2890 luit
679 2826 709 2889 in
725 2827 931 2900 Ooentridibus,
942 2863 983 2874 —
996 2837 1092 2891 tamen
1104 2849 1142 2891 nc
1152 2850 1169 2893 a
1180 2829 1307 2893 Nereide

141 2932 260 3013 quidem
282 2930 407 2993 alienum
428 2928 595 2993 iudicabunt
614 2929 703 2992 maris
723 2930 853 3003 accolae,
873 2930 923 3012 qni
939 2949 1047 3012 pascua
1062 2931 1211 3007 littoralia,
1231 2953 1307 3014 quac

140 3034 225 3097 salsis
246 3032 329 3114 aquis
350 3049 563 3112 nonnunquam
580 3031 750 3113 irrigantur,
769 3033 970 3113 gratissimum
986 3035 1086 3114 pecori
1102 3045 1131 3097 et
1145 3035 1306 3099 saluberri-

141 3157 223 3201 mum
239 3135 377 3218 pabulum
394 3133 532 3215 praebere
546 3134 652 3197 scium.

227 3239 347 3301 ltestant
369 3255 473 3299 norem
494 3236 614 3299 uomina
635 3238 751 3318 generis
772 3239 892 3315 elirersi,
916 3259 1011 3321 nespte
1031 3261 1047 3302 a
1068 3240 1139 3303 utari
1159 3241 1308 3324 rebusque

142 3341 296 3405 maritimis
328 3340 428 3413 ducta,
459 3340 512 3402 sed
540 3339 657 3402 aliunde
683 3339 914 3422 interpretanda,
948 3339 1075 3419 Θέτις,
1105 3339 1309 3423 Θεμιστώ,

142 3437 393 3526 Λαομέδεια,
415 3436 636 3529 Λειαγδρη,
660 3435 855 3530 Εόαμόρη,
875 3438 1156 3522 Λυσιάνασσα,
1171 3439 1309 3512 fleisc-

142 3542 225 3636 νόη,
255 3541 423 3634 Προνόη,
451 3542 667 3634 Νημερτής.
705 3548 813 3619 Enlris
839 3542 970 3626 Θέτις,
995 3543 1160 3613 δέσποινα
1182 3545 1308 3638 πεντη-

142 3673 242 3717 κοντα
263 3645 426 3739 Νηρῄδων
446 3647 564 3737 κορῶν,
588 3662 620 3714 ut
633 3652 793 3736 Aeschylus
808 3653 930 3716 cccirrit⁸
943 3656 984 3732 ¹),
999 3654 1087 3736 longe
1097 3653 1234 3718 omnium
1249 3674 1308 3719 no·
1329 3671 1364 3723 ²2

144 3811 407 3824 ...ι--.Μησ-

211 3879 257 3942 80)
276 3877 401 3946 liupuni
414 3812 491 3942 Verg.
505 3873 599 3941 Georg.
612 3874 655 3940 tv,
669 3874 728 3927 ost.
754 3875 904 3929 Schwenelt.
917 3876 1148 3947 Btpmolrnpmtlrol
1159 3880 1310 3934 dedecten-

142 3959 876 4034 51111181.(111111111111011Ν,101η,1503,9.

212 4048 258 4114 81)
277 4050 350 4118 Apud
364 4049 539 4102 senensem
553 4048 616 4099 Acir.
628 4063 654 4099 v.
666 4046 771 4099 88³.—
783 4047 881 4101 Versus
893 4057 978 4103 estes
986 4045 1221 4125 ‘',Onluvxploes
1238 4055 1311 4107 enias

143 4138 289 4203 tragoediae
305 4144 478 4203 argumentum
496 4143 581 4186 sotum
593 4142 648 4201 est,
664 4134 816 4204 copioseque
828 4137 972 4205 expositura
983 4153 998 4188 s
1011 4137 1105 4205 Quinto
1118 4139 1143 4191 ia
1156 4139 1268 4209 l'srolip.
1280 4140 1310 4208 V,

145 4221 263 4289 1-320,
275 4223 387 4292 cyclicas
399 4223 500 4291 politas,
513 4221 646 4273 llrctirrurn
657 4220 682 4272 in
695 4222 845 4290 Aethiopicis
856 4231 901 4274 sut
910 4222 1025 4275 huenen
1038 4225 1063 4276 in
1077 4241 1155 4294 parra
1166 4225 1254 4290 llisde,
1266 4243 1311 4278 se·

143 4309 246 4361 rnulsto.
269 4309 421 4379 Quamquam
432 4307 583 4360 mendenen
595 4306 633 4359 est
645 4306 720 4359 tabet
731 4307 780 4360 ism
792 4307 908 4377 odyssea
920 4308 964 4362 lib.
973 4308 1020 4374 nt,
1029 4310 1080 4362 tta
1089 4327 1154 4380 sqq,
1166 4311 1208 4364 sbi
1222 4311 1312 4366 Ulises

143 4401 231 4448 comt
242 4394 329 4449 discis
339 4395 444 4448 ssim
455 4395 522 4465 spscl
534 4392 630 4448 inlesos
642 4392 691 4446 sibi
702 4393 855 4473 indigeste·
867 4394 959 4449 εἵνεκα
971 4397 1064 4465 νίκης,
1076 4391 1128 4464 τόν
1137 4412 1191 4469 μιν
1202 4393 1258 4468 tyst
1271 4400 1312 4452 rt'·
