2962 4808
375 1457 435 1550 DE
457 1455 694 1553 turnultus
716 1455 959 1551 tttstonttt

174 1746 331 1844 Proprium
356 1763 414 1827 linc
438 1763 493 1827 iuit
511 1763 690 1828 Graecorum
716 1762 880 1845 theologiae
904 1760 1045 1844 pomieno,
1070 1770 1103 1823 ut
1126 1761 1289 1822 deorumn

88 1874 206 1940 rinnon,
231 1864 364 1946 qunnrris
384 1864 573 1940 immortalis,
601 1885 661 1930 non
683 1875 779 1929 tuiuen
800 1865 977 1947 sempiterno
994 1865 1163 1928 toleretur:
1184 1882 1252 1927 nmn

88 1979 175 2031 natos
186 1968 259 2030 tiens
271 1978 300 2030 ct
311 1988 346 2030 ex
362 1968 465 2030 iisdem
482 1967 635 2050 principiis
648 1979 731 2032 ortos
743 1969 908 2043 credebant,
924 1969 1003 2031 trude
1015 1970 1164 2031 mortniin:
1180 1987 1255 2048 quse

89 2071 232 2152 principie
247 2090 339 2152 quum
355 2071 407 2133 ntia
423 2070 486 2133 niiis
509 2071 686 2148 riderentur,
707 2082 860 2154 perrngntn
882 2081 979 2133 tanuen
1001 2072 1060 2134 inm
1080 2072 1158 2154 apud
1178 2070 1254 2134 nnti-

88 2176 251 2255 quissimos
265 2174 337 2237 hner-
352 2173 404 2235 suit
416 2172 528 2254 opinio,
544 2182 577 2235 ut
591 2192 797 2254 geneseorum
813 2174 917 2255 duplex
929 2183 1116 2249 statueretur,
1132 2174 1256 2237 nrtiinnte

90 2278 227 2353 aiterum,
249 2279 372 2342 aiterum
387 2287 484 2340 nutem
501 2276 657 2339 materiale.
684 2276 784 2358 Neque
800 2277 971 2357 pitiiosopiii
992 2279 1051 2338 iere
1069 2277 1105 2339 nii
1121 2275 1175 2338 itae
1187 2277 1254 2358 opi·

91 2381 180 2444 nione
195 2381 396 2444 desciverunt:
416 2380 468 2443 sed
489 2379 610 2442 interest
626 2378 703 2441 inter
716 2378 824 2442 horum
840 2379 941 2460 placitu
957 2390 985 2440 et
999 2389 1153 2461 poetarum
1169 2399 1254 2440 eorti-

92 2493 190 2547 rrrotrtn
209 2485 269 2548 hoc
288 2484 428 2559 rrraximc,
447 2484 527 2565 «pund
548 2482 672 2545 animale
692 2482 761 2546 ittoo
777 2482 954 2565 principium
972 2483 1142 2565 philosophi
1165 2482 1254 2565 pleri·

93 2607 150 2669 ouo
170 2597 268 2650 ruente
286 2607 320 2651 nc
338 2586 451 2649 rationo
466 2585 643 2647 instructum
660 2585 828 2659 notuerunt,
848 2585 992 2648 oriundum
1012 2605 1047 2648 ex
1068 2586 1189 2649 numeria
1210 2589 1254 2648 ta·

93 2689 209 2752 brimus
230 2690 313 2753 etad
335 2708 423 2771 tpunnt
445 2688 500 2771 ipsi
520 2688 616 2752 visum
640 2698 720 2751 essct
742 2688 971 2770 descriptionem
998 2690 1182 2771 iorrtinnupue
1205 2709 1255 2749 ne-

93 2792 225 2866 disicnns,
241 2793 328 2855 «teum
344 2791 441 2872 itaque
455 2800 676 2874 praepotentem
689 2811 723 2854 ec
734 2791 911 2873 snpientenn
926 2811 1016 2872 ouum
1033 2802 1137 2876 poetae
1152 2803 1256 2856 coritrr

93 2895 164 2957 nihii
180 2896 237 2958 nisi
249 2915 364 2959 caecam
377 2895 435 2957 rim
448 2894 563 2956 animoli
579 2894 619 2956 itti
634 2894 780 2975 principio
798 2894 971 2967 triimeront,
986 2894 1114 2957 oiiseoro
1127 2897 1256 2976 epiodnm

95 2999 235 3060 instinctu
253 3006 375 3070 motam,
391 3016 483 3060 sensu
497 3004 594 3059 nutem
610 3005 638 3058 ot
653 2997 766 3059 ratione
780 3006 940 3070 carentem,
958 2998 1026 3059 itaer
1043 3017 1111 3060 reru
1126 3000 1257 3073 numine,

95 3119 220 3181 quorum
241 3099 364 3162 ronsdio
379 3109 408 3162 et
421 3098 562 3181 sapientia
579 3099 708 3162 mondus
723 3098 942 3163 administrator
957 3100 1170 3182 hominumque
1185 3102 1259 3164 ritae

94 3203 275 3285 prospicitur
289 3211 318 3265 ct
332 3202 510 3277 consulitur,
529 3203 697 3284 posteriore
716 3203 835 3267 derorum
856 3213 990 3287 tempure
1009 3214 1076 3267 noto
1097 3225 1163 3267 esse
1178 3205 1259 3268 diee-

96 3315 171 3382 rent,
183 3307 282 3369 adulto
295 3305 351 3368 inm
365 3307 476 3369 mundo
489 3307 679 3388 partibusque
687 3307 750 3368 eius
762 3316 813 3369 out
824 3308 966 3370 oumilms
977 3319 1027 3371 mit
1039 3309 1174 3371 nummis
1187 3328 1259 3392 pro-

96 3410 210 3481 creatis,
227 3429 377 3491 quumque
392 3409 478 3472 etiam
494 3419 578 3473 antee
594 3420 715 3472 naturae
730 3411 871 3490 ‹prinedmu
884 3410 997 3472 divitior
1012 3411 1187 3487 extitissent,
1202 3412 1260 3473 lios

97 3524 193 3575 tomen
209 3512 258 3592 qni
275 3524 378 3594 postea
390 3510 450 3574 nati
465 3520 565 3573 essent
580 3510 652 3573 deos
668 3510 704 3572 iis
720 3511 770 3590 qui
785 3520 852 3573 ante
867 3512 992 3575 tuissent
1006 3513 1093 3593 iongc
1107 3525 1260 3596 pimestnn·

97 3616 188 3678 tiores
203 3635 283 3690 esse,
302 3633 454 3677 summum
470 3623 568 3676 autom
585 3612 719 3675 omnium
740 3612 839 3675 iorem
854 3613 985 3676 extitisse
1005 3616 1151 3695 optimum
1168 3618 1262 3681 mnri-

97 3738 193 3791 mum,
213 3719 264 3799 epu
284 3717 433 3799 prioribus
449 3716 555 3798 purtim
571 3713 708 3787 remotis,
729 3715 836 3795 partim
851 3716 908 3778 sibi
930 3717 1088 3793 adiunctis,
1107 3718 1262 3801 divisoque

97 3842 165 3884 eom
182 3821 322 3884 iratribus
335 3821 460 3902 imperio
473 3837 591 3881 omncrn
603 3817 747 3880 inondum
760 3837 852 3898 tinum
865 3837 920 3901 per
932 3821 987 3884 iios
999 3820 1166 3903 liberosque
1178 3842 1263 3895 snos,

99 3936 161 3988 tum
182 3944 236 4006 per
255 3924 328 3986 aiios
349 3924 457 3986 multos
478 3942 513 3984 cx
533 3921 681 4003 prioribus
702 3930 752 3984 aut
771 3943 788 3985 c
807 3922 974 3987 iunioribus
994 3924 1051 3987 diis
1065 3934 1153 3988 natos
1168 3925 1263 3988 admi·

98 4028 243 4091 nistrnrot.

185 4130 426 4195 vetustissimum
450 4127 539 4191 huius
563 4127 727 4208 theologiae
755 4139 997 4204 monumentum,
1028 4150 1146 4194 sumnia
1170 4133 1265 4215 copim

100 4236 180 4301 brevi
201 4235 331 4298 carmine
351 4232 552 4316 complexum,
571 4230 758 4312 theogeniam
778 4230 924 4294 naiteinos
944 4253 1025 4309 eam,
1050 4254 1125 4317 quoe
1144 4235 1266 4299 Hesiodi

100 4361 166 4404 esse
181 4340 296 4415 dicitur,
310 4357 401 4402 unam
416 4338 454 4403 de
468 4335 684 4417 compluribus,
704 4353 778 4417 qum
793 4335 863 4399 olim
879 4337 1056 4415 tendentur,
1072 4358 1128 4404 nec
1142 4342 1268 4404 tortasse
