2962 4808
686 357 743 424 tst

137 566 169 612 re
184 565 272 611 suum
287 544 387 631 potius
402 545 557 624 iudicium,
574 568 662 632 quam
678 550 814 614 traditam
830 549 978 633 quandam
992 546 1138 632 uulgoque
1152 559 1305 632 receptam

122 706 124 710 ,
139 651 361 736 persuasionem
377 671 443 716 euro
459 662 616 735 sequidem
630 674 698 718 esso
717 673 780 719 non
795 654 899 719 iniuria
913 672 1005 735 qurum
1019 673 1054 716 er
1070 653 1202 736 ipsamrn
1219 652 1305 716 taliu-

137 759 231 821 larum
248 756 494 841 contornplationo
514 768 575 822 turn
596 778 630 821 os
650 758 772 824 aliorum
795 759 912 823 testium
929 759 1149 841 comparatione
1169 757 1306 839 colligere

138 862 226 927 nobis
242 862 384 927 ridemur.
415 862 488 927 llam
504 875 532 927 ot
547 865 576 928 in
593 864 693 931 belluis
709 865 774 929 istis
789 882 850 929 non
866 883 978 948 paneae
990 875 1075 936 sunt,
1089 883 1165 947 quae
1180 877 1237 946 qua
1253 881 1305 926 ra·

138 968 219 1031 tione
229 966 275 1031 tris
292 967 416 1032 nrasirne
431 969 601 1051 parentibus
617 979 699 1034 ortae
713 970 913 1046 crederentur,
932 988 994 1032 non
1015 968 1096 1032 tacite
1110 966 1307 1050 exprutareris,

138 1081 168 1134 et
187 1072 311 1135 aliorum
332 1073 510 1155 scriptorum
530 1074 699 1138 testimonia
718 1076 840 1149 docent,
865 1075 931 1138 licet
950 1072 1033 1137 multi
1054 1073 1189 1136 traditam
1210 1071 1342 1135 semelt

139 1175 176 1240 alr
184 1176 313 1240 llesiodo
325 1177 521 1258 genealogiam
532 1179 656 1260 amplexi
663 1179 732 1253 sint,
747 1180 783 1242 de
794 1178 995 1261 compluribus
1007 1187 1105 1240 tamen
1116 1176 1203 1240 etiarn
1216 1175 1307 1258 longe

138 1281 268 1346 diversas
288 1282 412 1345 aliorum
433 1281 587 1364 opiniones
608 1282 780 1348 obtinuisse.
796 1318 838 1330 -
853 1283 912 1346 Sed
926 1282 1057 1346 dicernus
1073 1282 1131 1345 iam
1145 1282 1183 1345 de
1198 1279 1306 1362 singu·

137 1386 189 1460 iis,
209 1395 239 1449 et
257 1386 355 1469 primo
374 1387 441 1450 loco
456 1386 492 1450 dc
507 1386 557 1462 iis,
576 1405 652 1468 quos
673 1399 762 1470 poeta
781 1396 885 1451 noster
902 1386 1055 1450 universae
1074 1385 1162 1450 lruirts
1182 1383 1308 1448 lautitias

141 1490 345 1573 progenitores
362 1491 437 1554 lecit

224 1594 301 1657 Sunt
313 1593 401 1675 igitur
410 1595 542 1676 Phorcys
554 1595 674 1677 eiusque
685 1615 761 1659 rrxor
773 1595 843 1657 Ceto
856 1592 944 1656 l‘onti
959 1602 988 1654 et
1000 1590 1109 1653 Terrae
1122 1589 1213 1663 liberi,
1226 1589 1309 1652 unde

140 1696 327 1760 rrraniicstum
344 1707 400 1773 est,
419 1718 472 1761 eos
493 1697 584 1760 maris
603 1697 846 1760 deoshabendos
866 1716 932 1760 esse.
952 1693 1062 1776 paritor
1075 1710 1144 1755 cum
1167 1692 1308 1755 iratribus

141 1799 235 1863 Nereo
251 1809 281 1864 et
292 1800 475 1865 Tlraumanto
489 1819 523 1864 ac
537 1819 642 1864 sorore
653 1800 788 1883 Eurybia.
815 1798 929 1876 Quodsi
940 1798 978 1860 do
988 1794 1110 1879 propria
1121 1794 1307 1876 singulomm

141 1912 244 1966 natura
259 1915 290 1967 et
304 1903 517 1986 significatione
533 1903 715 1986 quaerimus,
735 1902 891 1986 Eurybiam
912 1900 1033 1983 quidem
1054 1899 1126 1962 nihil
1147 1898 1310 1962 aliudesse

141 2016 277 2089 apparet,
299 2027 387 2089 rpuam
407 2025 543 2088 magnam
565 2007 677 2090 lateque
697 2017 843 2090 patentem
861 2005 949 2070 maris
964 2005 1038 2077 rirn,
1054 2022 1129 2085 quae
1143 2021 1203 2085 qrro
1218 2021 1311 2066 sensu

142 2110 208 2173 Crio
225 2109 321 2173 Titani
342 2110 496 2192 nupsisse,
516 2122 665 2193 materque
680 2130 715 2173 ox
736 2109 913 2185 constrari,
932 2108 1086 2182 Pallantis,
1101 2108 1214 2182 ,Persae
1234 2108 1311 2169 lacta

142 2213 267 2291 dicatur,
281 2214 337 2277 alio
353 2214 419 2277 loco
434 2235 450 2277 a
466 2215 553 2278 nobis
569 2215 742 2296 explicatum
758 2223 803 2277 est
815 2220 822 2258 ¹
835 2220 874 2289 ⁵).
905 2213 1119 2276 Tlraumantem
1135 2229 1200 2273 eam
1217 2209 1309 2272 errans

142 2327 277 2381 naturam
294 2317 474 2398 significare,
496 2320 574 2382 undo
595 2318 729 2381 miranda
745 2319 948 2399 phaenomena
962 2335 1049 2380 arcus
1064 2313 1196 2378 caelestis
1213 2311 1309 2375 turbi-

144 2439 277 2504 dumque
288 2429 317 2484 ot
328 2421 524 2504 procellarum
537 2421 618 2485 nasci
635 2421 837 2493 credebantur,
852 2429 881 2483 ot
893 2437 1002 2483 nomon
1019 2417 1124 2500 ipsius,
1137 2417 1217 2499 quod
1230 2426 1310 2478 recte

143 2542 212 2589 cum
235 2524 468 2605 llermanno¹⁰l
493 2526 659 2590 llirinurn
685 2522 957 2606 interpretabimur,
982 2532 1012 2584 et
1035 2519 1110 2583 sdiae
1132 2519 1308 2582 ostendunt:

143 2647 213 2692 nam
225 2629 361 2710 genuisse
375 2650 410 2694 cx
422 2630 534 2695 Electra
546 2630 691 2694 Oceanide
705 2627 813 2692 iridem
834 2637 863 2691 et
878 2625 1020 2710 llarpgias
1035 2623 1152 2689 dicitur.
1178 2621 1309 2686 lierenm

146 2732 227 2797 tacite
247 2735 437 2815 agnoscimus
456 2752 568 2798 nrrmen
588 2733 677 2797 maris
703 2731 864 2816 propitium
889 2730 1061 2794 lrominilrns
1085 2737 1114 2792 et
1137 2728 1309 2808 benignum.

145 2838 199 2901 Est
213 2838 306 2914 onina,
322 2850 353 2901 ut
368 2847 455 2921 poeta
471 2827 636 2923 altip‘rrrog,
659 2829 737 2901 οὐδὲ
758 2827 947 2917 θεμιστέων
967 2828 1126 2920 λήθεται,
1148 2823 1233 2895 ἀλλὰ
1256 2821 1312 2893 dt-

146 2961 228 3005 καια
250 2934 306 3003 καὶ
328 2931 417 3025 ἤπια
439 2935 538 3027 drp'rsu
561 2928 643 3020 olcis,
666 2951 872 3024 praetereaque
894 2929 1061 3023 ἀψευδής,
1085 2927 1231 3022 ἀληθής,
1253 2955 1312 3019 rp-

146 3039 275 3130 μερτής,
299 3044 327 3105 Ιι.
340 3063 365 3105 e.
382 3043 495 3106 veracia
510 3043 679 3107 hominibus
692 3043 823 3107 vaticinia
839 3043 1025 3126 impertiens:
1040 3041 1115 3104 filiae
1127 3050 1224 3103 auum
1236 3036 1312 3109 eius,

148 3147 354 3228 qrrinquaginta
371 3145 521 3218 Nereides,
536 3165 609 3226 quas
624 3166 658 3208 er
675 3145 795 3217 Doride,
810 3146 918 3209 Oceani
933 3146 1004 3219 filia,
1019 3143 1135 3225 genuit,
1156 3141 1314 3223 pleraeque

147 3248 270 3313 amaris
287 3247 406 3312 dotibus
421 3247 567 3330 variisque
582 3248 858 3321 commoditatibus,
878 3267 950 3328 ‹puas
971 3246 1108 3310 lromines
1128 3245 1197 3308 inde
1216 3240 1314 3326 perri·

148 3354 246 3436 piunt,
268 3352 389 3416 nomina
409 3351 529 3415 sortitae
548 3362 627 3415 sunt.
662 3353 846 3434 Phorcyncnr
867 3368 935 3413 roro
957 3349 1079 3432 eiusque
1098 3366 1222 3412 uxorem
1242 3346 1316 3409 Ceto

149 3466 252 3540 poetae
273 3456 376 3519 belluis
392 3455 513 3519 marinis
528 3456 701 3538 praeficiunt
713 3461 719 3499 ¹
733 3456 778 3533 ²),
799 3472 922 3537 quarum
943 3453 1083 3535 plurimae
1102 3451 1146 3514 rel
1165 3447 1316 3530 magnitu-

150 3559 232 3636 dine,
252 3559 296 3623 rol
315 3557 431 3622 insolita
451 3561 557 3640 ligura,
577 3558 622 3620 rel
641 3557 820 3621 immanitate
838 3567 867 3620 et
886 3576 964 3619 noxa
984 3556 1117 3637 insignes
1137 3563 1223 3618 sunt:
1242 3569 1319 3636 quse

224 3865 265 3929 tt)
278 3863 305 3915 lo
318 3864 422 3917 dissert.
435 3865 466 3915 dc
479 3861 612 3915 t'tuotbus
625 3862 685 3914 lles.
698 3878 721 3931 p.
733 3862 774 3913 20.
786 3859 819 3912 ei.
831 3860 862 3912 do
875 3858 970 3912 liceate
982 3876 1006 3928 p.
1017 3857 1060 3911 rt.

224 3950 264 4015 td)
277 3950 315 4002 De
327 3949 465 4018 mytholog.
478 3948 524 4000 Gr.
535 3947 613 4014 antiq.
627 3947 720 4015 Opusc.
734 3953 794 3998 ton.
807 3943 828 3996 ll
841 3960 865 4012 p.
878 3943 936 3996 tte.

224 4035 264 4100 tt)
278 4028 350 4087 Corsi.
363 4033 437 4086 Plinii
450 4034 498 4086 loc.
511 4033 541 4085 ΙΙ.
553 4030 585 4085 N.
596 4028 721 4096 xxxvl,
734 4031 756 4096 ⁴,
771 4030 795 4096 l,
807 4030 838 4080 dc
850 4029 947 4097 Scopae
960 4045 1047 4099 opere,
1060 4029 1084 4081 in
1097 4045 1146 4098 qao
1158 4028 1239 4082 entcct
1248 4035 1323 4080 erut

153 4122 273 4177 Tritones
290 4124 429 4187 clarore
437 4135 472 4171 oe
489 4117 604 4172 Phorci
620 4125 648 4169 et
659 4116 755 4185 pristes
766 4123 793 4168 ct
804 4114 885 4168 multa
896 4114 946 4167 alis
958 4116 1064 4168 musa.
1075 4142 1109 4155 -
1120 4114 1201 4181 l'erg.
1213 4113 1278 4166 Aen.
1290 4112 1324 4177 V,

153 4209 216 4262 822:
245 4197 362 4261 lnmaaia
380 4214 437 4259 cete
448 4232 479 4244 -
498 4203 637 4271 Phorcique
653 4201 785 4254 exercitos
802 4200 892 4252 omnis.
917 4199 1004 4254 valor.
1017 4201 1102 4255 Pisce.
1115 4198 1163 4268 lll,
1180 4199 1245 4252 tat:
1273 4199 1325 4252 liat

155 4294 243 4363 procul
255 4294 353 4346 interea
363 4300 417 4346 toto
425 4299 500 4360 pater
509 4303 619 4357 aequore
631 4286 730 4354 signum
742 4286 865 4357 Phorcys,
877 4294 906 4339 ot
916 4285 1035 4340 inmas
1045 4286 1141 4340 intorto
1153 4286 1249 4341 norico
1260 4285 1323 4355 pbs-

156 4395 200 4433 cu
212 4378 337 4432 002th
349 4385 423 4431 cotra
434 4383 533 4448 petens.
