2962 4808
249 815 291 879 be
305 815 450 880 Nemeaeo
465 819 558 891 leone,
573 837 662 899 quem
677 816 725 879 hic
737 825 825 897 poeta
837 814 978 897 Sphingis
990 834 1161 896 gennanum
1174 816 1250 889 lacit,
1264 832 1326 878 non

166 936 255 1001 parra
269 929 314 982 est
330 919 567 983 testimoniorum
584 919 789 1001 discrepantia.
819 916 893 980 Nam
909 917 955 981 alii
971 919 1051 982 burro
1065 939 1182 1002 quoque
1196 918 1327 1001 Tpplroei

165 1020 254 1083 lilium
275 1021 448 1098 dicunt³³),
468 1021 599 1104 plerique
618 1031 716 1084 autem
737 1021 805 1085 luna
821 1029 918 1083 ortum
934 1040 1000 1084 esse
1015 1031 1180 1095 autumant,
1201 1021 1261 1084 sire
1275 1022 1328 1083 de·

164 1121 280 1203 lapsum
295 1124 332 1186 ab
347 1144 380 1187 ea
395 1124 455 1187 siro
471 1145 487 1186 e
502 1145 608 1206 spuma
622 1125 685 1188 eius
697 1133 877 1198 concretum,
892 1143 979 1204 quam
993 1123 1082 1187 cistae
1097 1125 1241 1188 inclusam
1255 1123 1328 1186 luno

164 1224 374 1306 acceperim).
405 1226 571 1289 Naturalem
592 1226 718 1308 aliquam
740 1235 853 1308 pestem
873 1225 959 1288 etiam
977 1227 1063 1289 buius
1078 1227 1189 1290 belluae
1205 1227 1330 1307 iraragine

166 1327 323 1406 significari
344 1327 533 1390 manifestum
555 1336 613 1402 est,
633 1338 662 1390 et
681 1329 767 1391 talem
783 1327 914 1409 quidem,
935 1328 1018 1391 euius
1035 1348 1154 1392 causam
1171 1339 1283 1391 veteres
1298 1328 1328 1390 iu

165 1427 233 1491 lerna
258 1449 325 1491 esse
348 1429 517 1504 crederent,
542 1448 638 1512 neque
664 1430 848 1512 repugnabo,
867 1431 1027 1512 quominus
1052 1451 1121 1494 cum
1145 1431 1328 1493 Forelrbam·

165 1533 307 1607 merofl)
327 1529 371 1592 ris
389 1549 531 1612 aquarum
551 1533 726 1612 intelligatur
744 1532 774 1594 in
793 1528 923 1594 conralle
938 1532 1047 1595 Nemea
1067 1533 1265 1614 stagnantium
1285 1533 1330 1594 lo·

167 1651 259 1714 eaque
272 1632 359 1712 longe
373 1632 486 1715 lateque
501 1633 715 1697 inundantium.
743 1631 845 1708 Ouidi
860 1635 940 1715 quod
956 1633 1055 1717 ipsum
1071 1635 1188 1698 leonis
1205 1632 1330 1696 vocabu·

168 1734 228 1797 luna
245 1744 433 1815 eomparatur
447 1754 464 1797 a
479 1736 541 1798 riro
558 1736 732 1799 doctissimo
747 1753 815 1798 curn
831 1755 867 1799 eo
882 1736 962 1816 quod
978 1745 1024 1799 est
1038 1730 1142 1812 λαός,
1165 1734 1245 1817 quod
1261 1730 1331 1797 λει-

168 1833 263 1917 μῶνα
284 1856 310 1899 s.
332 1829 441 1899 τόπον
462 1830 633 1922 κάθυόρον
654 1837 800 1918 designat:
822 1846 854 1899 ut
873 1848 997 1920 propter
1012 1838 1168 1901 nominum
1189 1830 1284 1912 λειᾶς
1304 1845 1332 1898 et

168 1932 254 2001 λέων
275 1937 496 2001 similitudinem
516 1938 610 2001 leonis
629 1939 726 2017 imago
746 1937 835 2000 ascita
856 1957 921 2000 esso
941 1937 1079 2001 rideatur.
1110 1937 1221 2009 Potest,
1237 1946 1268 2000 ut
1283 1956 1332 1999 re·

169 2058 236 2102 rura
253 2039 345 2101 dicat:
360 2039 461 2102 minus
476 2048 571 2102 autem
587 2039 647 2103 reri
662 2038 765 2112 sirtille,
780 2057 871 2119 quum
885 2034 1028 2124 Σελήνην
1042 2058 1158 2122 ‹puoque
1173 2039 1245 2102 nibil
1255 2038 1332 2101 aliud

170 2163 238 2205 esse
253 2142 328 2215 rult,
347 2161 433 2222 quana
450 2142 610 2204 convallem
625 2140 763 2204 Nemeam
780 2140 864 2221 aquis
880 2140 1059 2204 inundatum.
1089 2140 1273 2204 Probabilins
1288 2142 1333 2202 lu·

171 2263 240 2309 nam
261 2244 419 2326 signiticari
439 2245 571 2307 «licernes
591 2244 751 2305 lntmorum
772 2260 900 2305 causam.
931 2243 1004 2307 Nam
1024 2244 1109 2306 lunae
1124 2261 1259 2323 maguam
1275 2241 1333 2303 vim

172 2368 239 2410 esso
259 2348 289 2409 ia
310 2346 502 2409 moderandis
522 2344 746 2426 tempestatibus
767 2344 896 2426 caelique
916 2345 1128 2408 mutationibus
1149 2354 1261 2407 veteres
1277 2362 1333 2425 pro

171 2458 251 2512 certo
271 2447 430 2520 habebant,
445 2446 638 2528 quarrrobrem
660 2446 747 2508 etiam
769 2465 911 2526 aquarum
927 2447 1138 2511 exundationes
1153 2463 1243 2510 resno
1259 2456 1334 2508 tem·

172 2566 246 2630 pore
269 2565 332 2610 non
358 2547 422 2610 siue
447 2548 526 2611 illius
551 2549 676 2612 ellicaeia
700 2549 763 2611 lieri
782 2547 949 2611 censebant.
984 2550 1021 2611 Et
1039 2549 1215 2612 celebratum
1236 2548 1335 2611 Lunae
1387 2621 1389 2625 Ι

171 2668 283 2713 numen
299 2649 328 2711 in
343 2649 399 2711 bac
414 2659 495 2731 parte
511 2650 657 2731 ltrgolidis
673 2649 764 2712 brisso
778 2650 820 2712 vel
836 2650 906 2713 hinc
920 2650 1013 2733 colligi
1027 2660 1135 2732 potest,
1150 2651 1229 2733 quod
1241 2650 1335 2731 ipsam

136 2761 151 2779 '
173 2750 324 2833 regionem
348 2751 385 2813 ab
404 2752 503 2815 Lunao
526 2772 560 2815 ex
580 2753 648 2815 loro
672 2752 729 2815 lilia
744 2752 851 2815 Nerrrea
870 2773 980 2816 nonren
1001 2754 1109 2816 babere
1128 2753 1340 2831 dicebant³⁸l..

174 2856 261 2933 Quod
281 2864 379 2918 autern
398 2857 514 2919 leonem
534 2856 615 2920 illum
634 2855 765 2920 lunarem
780 2856 854 2919 luno
874 2855 1025 2937 excepisse
1044 2866 1072 2919 et
1091 2856 1199 2919 aluisse
1220 2856 1336 2931 elicitur,

174 2959 256 3024 cuius
276 2959 317 3023 rei
338 2959 426 3022 etiarn
446 2970 549 3025 noster
567 2970 654 3043 poeta
674 2960 854 3024 mentionem
870 2959 968 3023 iniecit
982 2980 1008 3022 r.
1021 2958 1097 3033 328,
1113 2978 1174 3023 non
1189 2958 1336 3022 dillicilem

174 3062 261 3127 babet
275 3063 507 3146 explicationem.
535 3063 610 3127 llam
627 3063 687 3128 sire
702 3074 796 3127 terrae
810 3062 1006 3145 principatum
1019 3062 1125 3126 lunoni
1137 3062 1166 3125 iu
1177 3063 1233 3126 bac
1244 3062 1338 3125 labula

175 3167 316 3231 tributum
336 3186 402 3229 esse
423 3167 594 3241 statuimus,
614 3167 720 3248 excipit
739 3174 815 3230 terra
830 3166 898 3229 sinu
912 3185 968 3229 suo
984 3184 1089 3248 aquas,
1110 3184 1184 3247 quae
1198 3165 1337 3228 collectae

175 3291 244 3335 mox
265 3271 383 3352 largiter
397 3281 591 3353 prrornanant3
614 3270 674 3334 sive
688 3270 762 3335 aeris
778 3268 1003 3334 moderatricem
1019 3268 1182 3344 credimus,
1198 3287 1248 3333 aer
1262 3287 1338 3351 quo·

175 3394 232 3456 quc
255 3374 391 3439 alimenta
411 3374 495 3455 aquis
515 3374 644 3458 suggerit
662 3374 692 3437 iu
712 3392 833 3455 campos
854 3393 921 3437 seso
941 3373 1166 3437 effundentibus.
1201 3372 1341 3453 Adiungit

174 3487 271 3543 autem
291 3487 377 3561 poeta
397 3478 485 3542 etlam
505 3478 638 3543 Herculis
660 3475 856 3551 mentionem,
876 3476 926 3558 qui
946 3476 1060 3540 leonem
1081 3476 1161 3540 illum
1182 3475 1339 3541 domuerit.

244 3765 292 3830 55)
311 3764 458 3832 Apollodor.
471 3763 501 3829 ll,
514 3765 537 3827 li,
554 3760 576 3814 l.

244 3851 291 3913 56)
310 3848 367 3900 Vid.
386 3866 427 3917 qu.
445 3850 512 3902 laud.
526 3845 682 3911 ll'eaaeling.
699 3844 731 3896 ad
747 3843 851 3896 Diodor.
870 3842 904 3897 lV
922 3861 945 3912 p.
957 3845 1016 3897 tart.
1041 3847 1122 3915 llcyn.
1140 3846 1172 3899 ad
1184 3845 1301 3914 Apollod.
1314 3861 1338 3914 p.

180 3934 236 3986 tta.
260 3932 370 3986 lleioelr.
383 3934 497 3986 lloaleet.
511 3932 587 3984 Alex.
600 3947 624 4000 p.
635 3931 676 3983 55.
698 3929 726 3982 C.
736 3927 838 3981 lliiller.
853 3928 941 3994 trago.
954 3930 1012 3983 list
1024 3931 1069 3984 Gr.
1078 3930 1099 3984 lt
1109 3949 1134 4000 p.
1140 3932 1182 3983 30.
1208 3932 1247 3984 llo
1258 3932 1340 3984 cista

179 4027 318 4072 auctorest
327 4020 482 4072 Demodocus
494 4018 519 4070 in
529 4015 594 4070 libro
604 4017 682 4085 primo
692 4014 831 4067 llcraeleae
840 4015 905 4084 apud
914 4015 1098 4070 its-maurel.
1109 4019 1140 4071 dc
1150 4021 1209 4071 tter.
1219 4018 1272 4071 cd.
1291 4016 1340 4070 Ca·

181 4113 261 4159 terum
273 4103 385 4160 creabis
398 4106 550 4159 scholiastae
562 4102 688 4173 Apollonii
701 4102 733 4154 ad
745 4099 764 4168 l,
778 4100 840 4154 tom
853 4096 904 4170 rip·
916 4100 947 4157 dl
960 4097 1079 4172 σελήνην
1089 4097 1275 4174 Ἀναξαγόρας
1281 4098 1341 4174 χῶ·

181 4209 233 4265 ραν
245 4193 379 4247 πλατεῖαν
390 4186 555 4264 ἀποφαίνει,
567 4188 598 4243 dr
611 4174 628 4263 ᾖ
641 4186 683 4254 (ἐξ
696 4174 739 4255 ἧς)
753 4185 834 4241 δοκεῖ
845 4183 861 4241 ὁ
871 4191 999 4262 Nepotes
1009 4189 1080 4244 itur
1091 4189 1278 4255 nenruatrm,
1293 4206 1341 4242 aoa

179 4277 290 4332 arbitror
307 4287 361 4332 tuto
378 4279 491 4332 concludi
511 4292 602 4346 porra,
618 4276 793 4342 nonagenas
810 4291 909 4345 quoquo
920 4276 983 4330 banc
994 4276 1103 4330 tabulam
1114 4277 1250 4346 adoptasse
1262 4291 1342 4346 caque
1395 4303 1396 4306 ¹

180 4379 252 4417 mam
263 4381 320 4418 aras
333 4366 364 4418 ad
376 4380 447 4419 suana
462 4365 494 4416 da
510 4361 569 4416 luca
584 4363 736 4417 sarmatiam
752 4362 973 4433 comprobandam,
992 4370 1022 4418 ut
1032 4363 1114 4417 vlaaar
1131 4369 1174 4417 ast
1189 4362 1220 4417 0.
1231 4361 1341 4434 ldlillera

181 4450 241 4504 boe.
253 4449 264 4502 l
276 4467 300 4520 p.
313 4450 373 4503 442.

249 4536 296 4599 tt)
315 4536 445 4589 llellauilsa
456 4553 480 4606 p.
489 4535 539 4589 tld
551 4552 604 4605 sqq.
617 4535 676 4590 220.
688 4536 731 4590 21.

249 4622 296 4688 58)
315 4622 399 4674 Sobel
413 4620 512 4676 suus.
524 4622 628 4692 hypotl.
639 4619 711 4676 Naar.
723 4637 748 4692 p.
758 4622 808 4676 tta
821 4624 898 4679 llcklr.
