2962 4808
650 381 653 387 ’
694 419 870 518 -.ue-

190 612 304 676 Sciticet
319 611 374 674 luit
389 610 461 674 haec
475 630 593 695 quoque
607 630 641 675 ex
658 611 706 676 illo
722 619 926 674 monstrorum
942 610 1126 677 marinorum
1141 633 1260 696 genere,
1275 634 1351 700 quo·

85 755 88 760 -
189 734 253 778 rum
266 714 397 795 Phorcys
413 713 610 796 principatum
624 713 733 776 hahuit
762 712 854 780 hlater
864 715 975 798 Scyllae
990 717 1027 780 ah
1040 717 1169 782 llomero
1185 710 1352 804 Κοαταιίς

188 816 301 891 dieitur,
316 818 395 899 «pared
411 834 522 880 nomen
537 817 600 880 aliis
615 817 780 900 proprium,
794 818 857 882 aliis
872 819 1078 902 appellativum
1088 820 1186 885 visum
1197 829 1257 884 est:
1272 823 1351 885 deu·

188 918 278 981 sihus
289 919 415 983 llecaten
426 940 462 983 eo
478 920 636 1002 significari
647 920 778 998 credidit,
793 940 881 1004 quam
893 920 1067 1003 opinionem
1078 922 1165 986 etiam
1178 924 1351 1006 lpouooius

187 1022 349 1103 protuetur,
364 1022 431 1105 llrg.
446 1022 493 1098 lv,
511 1023 586 1088 829:

329 1118 476 1212 Σκύλλης
496 1116 670 1212 Αὐσονίης
691 1117 905 1215 ὀλοόφρονος,
927 1116 968 1214 ἣν
987 1119 1061 1191 τέκε
1082 1120 1206 1214 Φόρκῳ

329 1220 529 1305 νητιπόλος
545 1218 675 1314 Ἑκάτη,
697 1223 794 1316 cdere
815 1220 965 1293 κλείουσι
987 1222 1163 1316 Κραταιίν.
1284 1239 1286 1242 ⁴

188 1333 219 1395 hl
235 1350 322 1414 quarn
337 1340 416 1394 recto
431 1332 538 1393 laetum
553 1329 606 1407 sit,
623 1351 684 1395 non
703 1332 807 1395 attinet
826 1330 963 1396 hocloco
978 1350 1133 1415 quaerere:
1155 1332 1207 1395 sed
1223 1333 1351 1397 llecaten

189 1434 300 1516 Scyllae
319 1444 441 1497 matrem
462 1434 549 1497 etiam
569 1434 600 1497 in
619 1434 766 1498 llesiodeo
787 1432 933 1499 Eoearum
953 1435 1082 1499 camnine
1100 1435 1212 1507 datam,
1237 1445 1352 1517 patrem

186 1547 283 1602 autem
298 1556 360 1602 non
375 1537 559 1621 l‘lmrcpnem
575 1539 627 1603 sed
640 1539 839 1604 Phorbantcm
855 1538 966 1602 dictum
981 1558 1047 1602 esse
1062 1537 1208 1621 Apollonii
1223 1537 1351 1602 scholia·

188 1654 249 1706 stes
265 1645 361 1718 refert,
377 1644 414 1706 de
430 1662 489 1725 quo
505 1643 574 1725 quid
591 1642 780 1707 statuendum
796 1641 912 1705 sitnon
928 1641 999 1706 satis
1014 1641 1114 1724 liquet.
1145 1640 1290 1724 Suspicor
1304 1651 1350 1707 ta·

188 1765 256 1809 men
266 1746 453 1821 seharliasten,
468 1756 518 1810 aut
532 1766 610 1820 eum,
622 1764 709 1829 ‹puem
719 1745 745 1808 is
754 1753 903 1808 auctorem
913 1744 1024 1818 hahuit,
1036 1745 1107 1807 ialsa
1117 1746 1263 1809 Eoearum
1275 1745 1350 1808 scri·

189 1860 275 1932 puna
286 1850 439 1932 deceptum
449 1868 529 1912 esse:
545 1849 661 1930 quodsi
673 1848 773 1920 itaest,
788 1847 964 1922 hcusilaum,
980 1856 1013 1910 ut
1027 1847 1057 1910 in
1068 1847 1172 1910 ceteris
1183 1847 1271 1913 rebus
1287 1849 1350 1931 ple·

188 1954 355 2036 nequem),
365 1952 408 2015 sic
415 1951 502 2016 etiam
514 1952 543 2014 in
552 1952 663 2034 Scyllae
672 1949 842 2034 parentibus
851 1949 970 2013 llesiodi
980 1949 1181 2013 auctoritatem
1191 1960 1349 2034 sequutum

188 2075 255 2118 esse
277 2055 418 2118 dicemus.
452 2054 549 2118 Tertia
570 2053 717 2134 Phorcpni
736 2052 834 2135 proles
855 2050 973 2115 Sirenes
995 2051 1180 2130 clamasunt,
1205 2056 1288 2118 cuius
1308 2056 1350 2119 rei

188 2167 290 2222 testem
304 2156 446 2221 hahemus
461 2158 659 2240 Sophocleum
677 2155 778 2220 Ulixen
793 2155 871 2238 apud
888 2154 1084 2230 Plutarchum,
1102 2155 1240 2239 Sympos.
1256 2157 1304 2232 tx,
1320 2159 1349 2222 6.

189 2261 225 2325 lh
244 2264 362 2325 liaemrut
378 2280 448 2325 sane
467 2261 540 2324 haec
554 2278 672 2343 «puroque
686 2269 821 2323 monstra
836 2275 898 2321 non
913 2276 1125 2341 magnoperea
1141 2269 1237 2324 cetero
1252 2260 1350 2326 Phor·

187 2365 270 2448 cinis
284 2385 371 2447 grege
385 2363 579 2428 abhorrentia.
610 2362 739 2445 lienique
754 2362 840 2426 etiam
856 2361 1032 2446 Hesperides
1044 2362 1207 2446 Phorcpnis
1222 2374 1252 2428 et
1263 2367 1350 2429 Cetus

188 2468 261 2532 tilias
276 2469 389 2532 haliitas
404 2488 470 2531 csse
485 2467 657 2531 scholiastes
673 2466 820 2550 Apollonii
835 2475 999 2541 memorat,
1015 2466 1050 2529 ad
1067 2465 1117 2542 tt,
1135 2467 1231 2545 1³99,
1245 2477 1349 2533 aucto·

187 2590 249 2637 rem
265 2572 377 2636 rrarllnm
394 2571 523 2636 laudans.
554 2571 654 2655 Neque
669 2591 722 2654 ego
738 2571 767 2634 id
783 2571 821 2635 ah
836 2570 899 2635 aliis
915 2570 1037 2635 relatum
1053 2571 1188 2635 memini:
1203 2589 1273 2637 nam
1288 2573 1350 2639 Eu·
1369 2582 1374 2591 '

187 2677 271 2741 decia
287 2698 315 2761 p.
328 2679 389 2740 «till
405 2676 543 2741 uioletum
559 2695 647 2740 suum
663 2696 698 2739 cx
714 2674 789 2739 illius
804 2675 980 2740 scholiastae
995 2678 1075 2739 lonte
1089 2675 1227 2759 irrigavit.
1262 2676 1350 2742 lide·

187 2795 234 2847 tur
248 2793 345 2847 etitem
361 2803 408 2846 res
424 2783 572 2866 abaliquo
588 2782 704 2845 inventa
719 2799 799 2856 esse,
819 2779 870 2862 qui
884 2798 976 2863 quum
991 2779 1022 2842 in
1033 2779 1136 2843 eadem
1152 2800 1220 2845 cum
1235 2782 1350 2866 llespe·

187 2886 299 2950 ridihus
323 2888 455 2969 repone,
474 2897 605 2950 extremo
627 2885 792 2958 occidente,
817 2883 904 2948 etiam
923 2883 1087 2965 l‘horcpnis
1111 2893 1140 2946 et
1160 2884 1248 2949 Cetus
1269 2887 1351 2963 silias,

136 3006 163 3058 tl
188 2992 296 3055 Graeas
316 3009 383 3054 cum
400 2991 603 3072 Gorgonihus,
626 2987 757 3051 hahitare
775 2986 899 3062 rideret,
918 2985 966 3049 his
987 2984 1049 3049 illas
1068 2994 1101 3049 ut
1115 2985 1181 3051 loco
1201 2989 1245 3052 sic
1263 2990 1350 3053 etiam

187 3093 328 3174 sanguine
347 3093 519 3157 coniunctas
539 3113 606 3156 esse
627 3090 719 3154 vellet
750 3090 837 3166 Quod
857 3098 955 3154 autem
974 3087 1012 3150 ah
1031 3088 1224 3170 Euphorione
1240 3091 1350 3156 Eume·

188 3196 270 3259 hides
284 3215 402 3279 quoquc
418 3197 454 3259 ad
469 3195 632 3278 l’hnrcynis
648 3193 785 3256 lamdiam
801 3191 907 3256 relatae
921 3200 1001 3267 sunt,
1015 3200 1049 3255 ut
1061 3191 1125 3255 eius
1136 3191 1351 3278 θογατριδοῖ,

189 3300 218 3361 h.
230 3320 255 3360 e.
270 3309 374 3380 neptes
389 3317 424 3361 ex
445 3299 514 3375 filia,
533 3319 568 3361 eo
588 3295 734 3360 difficilius
754 3303 801 3358 est
819 3295 855 3358 ad
872 3293 1090 3376 explicandum,
1110 3296 1190 3374 quod
1206 3315 1350 3378 quaenam

187 3399 288 3462 abillo
308 3410 402 3463 mater·
420 3420 519 3463 earum
541 3401 617 3463 dieta
636 3399 675 3463 sit
693 3397 873 3479 ignoramus.
903 3395 978 3459 Nam
995 3394 1129 3458 hicinehii
1144 3397 1350 3480 suspicion),

188 3502 318 3577 Noctem,
333 3520 407 3585 quae
422 3512 515 3566 mater
529 3501 727 3566 Eumenidum
741 3500 819 3582 apud
833 3499 1011 3582 Aeschylum
1025 3498 1158 3582 aliosque
1172 3500 1351 3583 perhibetur,

187 3604 223 3667 ah
243 3605 432 3687 Eirphorione
447 3606 610 3689 Plrorcpnis
629 3603 717 3668 filiam
737 3601 867 3667 habitam
886 3621 967 3678 esso,
987 3602 1148 3668 admodum
1167 3603 1277 3668 incerta
1296 3622 1352 3669 nec

187 3707 267 3771 ualde
282 3707 440 3790 probabilis
455 3710 572 3785 estu).
1318 3690 1323 3699 ⁹
1426 3695 1429 3700 ¹

273 3811 314 3873 Ex
330 3811 366 3873 iis
381 3821 493 3886 autem,
511 3830 586 3894 quos
603 3809 776 3892 theogoniae
791 3807 976 3890 compositor
989 3808 1153 3894 Phorcynis
1168 3820 1198 3875 et
1212 3809 1299 3875 Cetus
1313 3811 1351 3875 li·

188 3911 276 3977 looros
288 3914 363 3988 lacit,
376 3932 454 3978 unus
465 3915 591 3979 maxime
602 3914 638 3979 ad
649 3914 819 3990 belluarum,
834 3930 962 3996 quarum
975 3911 1023 3978 ille
1037 3914 1156 3979 tutelam
1168 3913 1250 3995 gerit,
1265 3913 1350 3977 simi·

257 4185 300 4251 26)
313 4185 369 4240 l'irl.
382 4186 459 4242 clena.
472 4189 547 4243 illex.
557 4191 650 4245 strom.
662 4189 706 4260 vt,
718 4190 743 4260 2,
755 4188 789 4243 26
801 4206 826 4261 p.
838 4187 887 4243 ll2
899 4186 984 4243 lilota.

258 4269 300 4336 ut)
312 4271 430 4326 alnaleet.
440 4274 575 4328 Alexandr.
589 4294 612 4346 p.
623 4278 666 4332 ut.

259 4355 301 4419 28)
314 4356 436 4426 ticonius,
452 4360 484 4411 ad
496 4360 611 4429 apollon.
623 4361 648 4430 l,
663 4362 674 4415 l
681 4401 690 4429 ,
702 4363 718 4416 l
730 4379 755 4434 p.
765 4361 795 4431 u,
808 4361 939 4417 Medusam
954 4361 987 4416 ab
998 4359 1160 4430 Euphorione
1176 4366 1283 4414 mahen
1295 4359 1349 4415 liu·

187 4440 313 4496 nenielun
325 4441 432 4497 halitum
444 4442 523 4498 tuse
534 4446 643 4500 coniicit.
