2962 4808
621 439 719 449 ..η-.-
726 438 825 448 -u

139 543 247 618 petest.
280 536 368 612 Quod
385 545 482 600 autem
498 557 546 602 res
561 558 667 603 omnes
683 541 713 603 in
735 542 853 614 eadent,
873 539 952 602 narde
972 537 1143 610 extiterant,
1162 534 1309 619 principia

141 637 247 701 reverti
268 648 356 720 atque
376 640 482 703 resolui
503 642 616 715 statuit,
639 663 830 706 miserrumum
852 643 928 705 banc.
948 643 1109 705 multorum
1130 641 1307 722 sententiam

139 740 233 804 luisse
253 743 405 819 novimus,
426 743 509 807 errius
529 746 661 828 aliquod,
681 747 815 828 quartanis
831 746 990 808 elascmann
1012 745 1153 808 indicinrn
1169 744 1257 807 etiam
1274 744 1305 807 in

138 844 261 908 Hesiodi
277 846 433 928 theogonia
449 847 521 914 milri
533 850 763 929 deprehendisse
775 848 885 920 uideor,
899 868 956 929 epm
972 851 1009 912 de
1024 869 1055 911 re
1066 848 1125 911 disi
1142 848 1172 910 in
1184 848 1304 910 dissert

139 947 176 1009 de
190 955 388 1013 extremarum
403 951 507 1014 mnndi
523 952 650 1033 partiunt
666 952 865 1032 descriptione
881 952 1025 1014 Hesiodea
1042 973 1071 1034 p.
1084 953 1114 1013 o.

224 1053 306 1126 Quae
331 1062 482 1133 praeterea
507 1074 541 1117 ex
562 1054 671 1117 llusaei
699 1054 857 1134 theogonia
885 1063 1101 1118 attestarentur.
1128 1054 1200 1115 baec
1226 1061 1307 1123 suan,

138 1152 273 1216 Primum
289 1155 480 1218 decanicum
496 1157 611 1220 Tellure
626 1155 812 1236 ettniugium,
828 1156 969 1238 liberique
985 1155 1053 1218 ltine
1068 1153 1213 1237 prognati,
1228 1172 1306 1234 ιμιιι-

138 1275 206 1320 rum
221 1275 299 1320 unus
315 1257 525 1339 Triptolemus.
541 1259 667 1322 Pausan.
684 1259 707 1332 l,
723 1260 775 1332 14,
790 1259 825 1320 2:
846 1248 911 1342 inp
933 1253 970 1320 δὲ
989 1248 1105 1344 ᾄδεται
1126 1247 1308 1318 llos-uniat·

137 1355 206 1441 μὲν,
229 1352 261 1424 si
283 1356 324 1445 dri
340 1354 522 1426 Μουσαίου
545 1356 603 1425 καὶ
625 1357 740 1438 ταῦτα,
768 1353 1000 1442 Τριπτόλεμον
1021 1357 1130 1422 :reside
1149 1351 1306 1420 Ὠκεανοῦ

137 1456 196 1525 καὶ
212 1464 243 1525 Γ
240 1465 279 1547 ῆς
293 1450 389 1526 eleas.
413 1464 550 1543 Pugnant
564 1464 638 1525 baec
649 1482 716 1525 euin
730 1462 860 1524 llonrero
872 1471 901 1522 et
912 1462 1052 1535 llesiodn,
1068 1461 1213 1543 siqnidem
1226 1462 1306 1541 apud

139 1564 196 1626 bes
211 1584 274 1627 nen
290 1565 399 1640 Tellus,
415 1568 468 1628 sed
485 1566 595 1647 Tetbps
612 1565 721 1628 Oceani
737 1563 843 1626 coniux
861 1563 975 1638 dicitnr,
992 1584 1078 1646 quae,
1093 1564 1160 1626 licet
1173 1583 1189 1624 a
1204 1574 1307 1643 poste-

138 1667 266 1731 rioribus
282 1668 462 1748 qnibusdam
478 1668 687 1751 interpretibus
704 1687 758 1749 pro
770 1667 886 1729 'l'ellure
902 1666 1009 1740 babita,
1020 1668 1098 1747 apnd
1113 1667 1197 1747 ipses
1209 1676 1307 1728 tanam

138 1769 215 1832 baud
232 1770 321 1833 dubie
336 1770 440 1833 abbae
455 1771 571 1835 ‹lieersa
583 1780 611 1834 et
624 1791 754 1853 aquosae
766 1770 865 1852 pann
878 1780 999 1832 naturae
1010 1775 1105 1844 este).
1133 1768 1309 1850 Triptolemi

137 1882 236 1936 atatem
253 1892 349 1956 neque
364 1873 394 1937 in
410 1874 533 1938 Hesiodi
546 1875 704 1957 tbeogenia
721 1894 817 1955 annue
832 1874 911 1955 apud
928 1873 1090 1936 llomerum
1107 1873 1220 1936 anemio
1237 1875 1278 1936 tit.

222 1978 257 2041 ln
272 1977 382 2042 Oceani
398 1979 512 2043 liliabus
527 1979 669 2042 Pleione-n
686 1989 884 2051 numeratum,
904 1978 1028 2060 eiusque
1049 1998 1084 2040 ex
1099 1978 1215 2039 adame
1235 1978 1309 2040 lilias

137 2080 272 2145 Pleiadas
288 2093 317 2145 ct
327 2083 444 2165 llyadas
460 2083 612 2164 liliumque
624 2084 768 2164 Hyantem
786 2091 1037 2144 eomtnenmratos
1053 2081 1202 2142 allusaeo
1218 2079 1311 2142 luisse

137 2182 249 2264 aliquot
263 2183 369 2265 llpgini
381 2184 502 2248 cedices
517 2185 685 2266 perbibent,
702 2184 731 2246 in
748 2184 867 2264 quibus,
884 2185 966 2246 Poet.
979 2193 1090 2245 astron.
1104 2183 1138 2255 ll,
1151 2183 1186 2245 nt
1204 2203 1233 2264 p.
1247 2183 1310 2245 395

137 2285 265 2359 llunclr,
277 2287 350 2349 baec
360 2287 512 2366 leguntur:
530 2287 683 2362 „Pleiades
695 2297 793 2348 antean
805 2286 965 2366 appellatae
978 2295 1056 2355 serrat,
1071 2296 1103 2346 nt
1114 2286 1309 2358 aitllusaeus,

137 2387 218 2467 ‹puod
233 2405 268 2448 ex
280 2387 395 2450 tltlante
409 2399 438 2451 ct
450 2388 570 2451 Pleione
582 2387 689 2450 Oceani
706 2386 762 2450 tilia
775 2397 846 2450 sunt
856 2387 1024 2468 ‹prsirsdeeina
1041 2387 1115 2449 tiliae
1127 2399 1308 2467 periscreatae,

137 2506 264 2570 quarum
282 2491 413 2573 quinspte
429 2491 544 2572 llp'ades
560 2492 719 2573 appellatas
735 2491 932 2564 «loramentum,
951 2491 1030 2572 (pund
1047 2509 1148 2552 earnm
1164 2490 1243 2571 liras
1261 2492 1308 2553 lu·

97 2620 99 2624 ¹
137 2590 195 2653 etit
210 2593 309 2666 trater,
329 2613 345 2656 a
366 2594 522 2657 sororibus
544 2594 704 2675 plurimum
725 2593 863 2654 dilectus:
885 2593 935 2673 qui
954 2613 1047 2674 qasnm
1063 2612 1173 2655 cenans
1189 2613 1204 2654 a
1221 2595 1308 2657 leone

137 2703 218 2757 esset
234 2693 421 2770 interiectus,
442 2697 581 2778 qttitrque,
602 2698 638 2759 de
653 2696 762 2777 spirituas
781 2715 871 2777 snpra
886 2696 1028 2764 diximus,
1049 2697 1308 2759 lannntationibus

138 2796 268 2859 assiduis
284 2808 439 2878 pernaetan
459 2799 598 2862 dicuntur
612 2798 774 2862 interiisse:
794 2816 883 2877 sperare
904 2818 969 2871 eas,
991 2801 1070 2879 quod
1091 2800 1251 2880 plurimum
1272 2800 1309 2862 de

138 2898 201 2962 eius
213 2908 309 2961 morte
320 2900 498 2974 laborarent,
514 2901 628 2983 llpadas
639 2901 812 2981 appellatas:
825 2899 951 2980 reliquas
963 2910 1060 2962 annena
1072 2901 1174 2963 deresn
1186 2921 1308 2964 soreres

138 3002 316 3065 deliberasse
328 3004 365 3065 de
377 3023 516 3067 sororum
530 3012 636 3076 retorto,
651 3011 791 3064 etenum
805 3012 918 3082 septem
931 3002 986 3063 sibi
1000 3013 1127 3065 aaronem
1141 3004 1308 3067 corrscisse:

139 3125 245 3188 spuere,
266 3108 346 3188 qued
363 3107 462 3188 plures
479 3105 558 3168 idean
574 3114 747 3174 senserunt,
768 3103 902 3167 Pleiades
922 3104 1051 3168 dictas.“
1081 3106 1113 3168 ln
1129 3106 1192 3168 aliis
1208 3117 1308 3170 tanna

140 3209 245 3293 llygini
261 3209 411 3274 codicibus
427 3229 488 3273 non
504 3208 614 3274 llnsaei
634 3211 687 3271 sed
703 3209 838 3271 llnaseue
858 3227 967 3271 nornen
981 3209 1125 3291 scripturn
1141 3221 1202 3281 est,
1222 3211 1307 3274 ruitis·
1330 3229 1347 3280 s

140 3314 267 3398 proinde
282 3313 453 3396 lragnmntis
470 3315 546 3378 illam
562 3313 763 3378 narrationem
779 3333 874 3394 nuper
888 3314 1033 3377 lleblerus
1049 3314 1174 3390 addidit,
1191 3337 1240 3379 ιιιι.
1253 3320 1311 3380 lb:

140 3438 198 3485 nee
212 3421 338 3484 fortasse
353 3417 473 3493 iniuria,
493 3436 672 3501 eptsarsaquam
689 3417 841 3482 llttsaeum
863 3418 950 3481 Ιιιιίιιε
967 3418 1080 3483 lalndae
1096 3431 1251 3485 anctonnn
1267 3421 1310 3486 ei·

141 3534 183 3588 tat
196 3523 283 3588 etiam
300 3521 393 3587 sclrul.
410 3525 446 3588 ad
463 3523 628 3588 Gerananiri
644 3526 747 3588 Aratea
763 3545 791 3607 p.
805 3525 846 3588 511
858 3523 952 3600 11ιιΙι1.,
968 3524 1017 3588 ubi
1032 3536 1129 3588 tannen
1142 3527 1311 3597 duodecim,

140 3648 204 3695 non
223 3627 392 3712 quindecim
409 3647 530 3694 sorores
546 3638 630 3702 stnn,
650 3640 802 3712 sanaturque
822 3648 883 3693 non
900 3628 1020 3693 Pleione
1042 3632 1095 3694 sed
1112 3631 1173 3713 llya
1190 3632 1312 3709 elicitum

141 3736 273 3818 itemque
287 3754 316 3819 p.
330 3734 380 3798 65.
411 3734 507 3810 Quam
523 3734 606 3799 laeile
621 3745 719 3799 autem
734 3734 796 3798 fieri
812 3735 956 3818 potuerit,
978 3745 1009 3797 nt
1029 3735 1084 3798 ista
1106 3736 1229 3800 nonnna
1244 3759 1261 3801 a
1277 3739 1313 3802 li·

141 3839 247 3907 brariis
259 3849 520 3917 eorramutarentnr,
535 3839 565 3904 in
578 3849 680 3924 aperto
693 3850 752 3904 est:
769 3841 880 3905 facilius
892 3849 991 3904 aunem
1003 3860 1057 3923 pro
1070 3840 1199 3915 llnasea,
1212 3843 1313 3907 eatinus

142 3943 577 4022 illisnete,l1usaeiuemeu,
598 3963 685 4029 quam
707 3954 824 4020 eontra,
845 3945 1037 4010 substitutum
1054 3967 1121 4010 esse
1142 3946 1314 4024 credideris,

142 4073 235 4139 quum
250 4050 422 4138 praesertim
437 4051 537 4117 omnis
552 4049 608 4115 ista
624 4047 752 4113 narratio
767 4049 903 4114 binaseae
918 4069 1012 4133 genus
1034 4051 1233 4136 nntlrotogiae
1253 4065 1313 4118 tra·

211 4299 237 4365 8)
255 4297 294 4351 Ci.
312 4298 415 4352 dissert
432 4298 464 4349 ds
477 4293 611 4349 Titanibus
627 4311 653 4365 p.
670 4294 701 4347 18
720 4303 748 4347 et
764 4311 875 4365 compar.
893 4298 977 4362 theos.
992 4296 1094 4350 llesiod.
1111 4315 1167 4352 eum
1183 4299 1314 4353 itenerics

143 4402 158 4416 ι.
180 4384 194 4416 ’1
218 4383 234 4416 fl
