2962 4808
716 366 917 464 ,..9.ἓ..-

236 553 485 645 antiquissimam:
504 554 556 616 sed
577 555 710 634 quarm-is
733 557 804 619 lraee
824 558 921 639 rnagni
943 557 1073 620 iacienda
1092 558 1145 632 sit,
1164 566 1281 620 constat
1300 565 1397 619 tamen

238 660 310 720 inter
320 658 398 719 siros
410 656 610 731 doctissimos,
624 677 702 733 euru,
713 661 763 741 qui
775 661 853 723 liano
866 660 1057 742 theogeniam
1072 659 1285 741 composuerit,
1300 678 1398 723 reram

237 760 292 820 rius
313 779 348 821 ae
369 760 511 821 rationem
531 758 696 824 tabidarum
718 783 734 825 a
754 782 787 826 se
807 772 1037 826 irremoratarum
1054 763 1151 843 ipsum
1166 782 1228 826 ison
1243 763 1315 826 sutis
1330 781 1404 844 per-⁸

201 877 214 926 -t
237 871 365 944 spretam
386 863 537 935 habuisse,
562 873 591 924 rt
610 864 788 945 compilasse
809 867 1014 928 tantumnodo
1035 884 1109 946 quae
1128 866 1165 928 ab
1185 865 1399 947 antiquioribus

236 966 394 1044 excogitata
410 975 438 1027 et
453 967 556 1028 trarlita
573 967 733 1031 inuenisset
744 967 797 1050 11’).
824 970 913 1045 Quod
929 987 1020 1050 quum
1036 969 1073 1032 ita
1090 969 1137 1043 sit,
1154 987 1215 1032 non
1227 990 1298 1033 sane
1309 969 1400 1032 mira·
1423 953 1424 958 ἵ

236 1069 342 1142 lriurur,
358 1071 465 1130 loretum
482 1087 696 1151 uormmrquam
712 1091 790 1147 esse,
805 1081 837 1135 ut
848 1082 897 1135 aut
909 1083 1041 1155 poneret,
1057 1091 1131 1153 spirae
1143 1090 1227 1136 uerae
1239 1071 1400 1161 labrdarum

236 1171 441 1251 simritimtiorri
457 1189 561 1251 piarum
579 1174 809 1254 responderent,
827 1184 877 1237 aut
892 1175 1055 1249 oudtteret,
1076 1193 1150 1256 quae
1165 1175 1293 1238 maxime
1308 1174 1400 1256 perti·

236 1283 337 1336 nerent
357 1275 393 1336 ad
415 1292 477 1335 rein
497 1273 710 1337 ‹leelarandaus
742 1275 836 1339 liuius
855 1276 971 1357 generis
991 1276 1121 1357 exerrrpla
1141 1295 1232 1359 quum
1251 1276 1318 1339 alibi
1339 1293 1400 1339 non

237 1396 343 1458 paura,
365 1385 426 1438 tum
446 1375 602 1457 praecipue
617 1377 646 1440 in
667 1398 699 1441 ea
715 1379 853 1441 carminis
868 1391 951 1460 parte
965 1379 1227 1461 deprehendimus,
1247 1379 1350 1460 inqua
1366 1378 1402 1442 de

236 1478 400 1560 antiquiore
415 1498 520 1560 genero
536 1480 674 1555 deomm,
696 1481 725 1544 in
747 1481 855 1565 quilius
870 1483 990 1546 Titanes
1009 1493 1092 1557 suut,
1112 1483 1279 1563 horumque
1299 1491 1402 1545 eontra

236 1581 354 1644 Corium
378 1592 531 1662 parerrtem
556 1582 687 1647 iaeiuore
715 1607 749 1648 ac
772 1586 878 1648 deinde
907 1596 1011 1649 cordua
1035 1587 1133 1649 lovem
1163 1584 1323 1650 certaruine
1350 1604 1402 1648 ex·

237 1685 364 1769 pomtur.
396 1685 478 1747 liano
504 1685 592 1767 igitur
617 1697 730 1769 partem
748 1689 845 1770 praello
872 1690 1036 1753 aceruatim
1063 1709 1144 1753 nrrno
1168 1689 1333 1752 erarrrinare
1352 1708 1402 1751 ea·

238 1812 295 1872 qim
312 1810 385 1872 «puae
404 1788 532 1853 elisimus
557 1792 783 1873 orsrupositionis
808 1792 907 1855 minus
927 1802 1022 1856 rectae
1041 1793 1173 1876 exerrrpla
1198 1792 1402 1856 demonstrare

238 1893 427 1957 decrevimus.

324 1995 427 2058 Narrat
452 2005 539 2075 poeta
559 1995 696 2070 Terram,
721 2007 911 2078 posteaqrmm
939 2016 1019 2059 iissre
1038 2007 1215 2078 arsantesque
1234 2006 1263 2060 et
1282 1996 1402 2061 Coelum

239 2099 302 2180 ipsa
316 2118 351 2160 ex
366 2117 432 2160 sese
449 2097 656 2177 prm-eraserit,
676 2099 850 2180 gravidatam
873 2118 889 2161 a
904 2099 992 2160 Coelo
1013 2098 1139 2160 edidisse
1155 2098 1310 2162 duodecim
1331 2097 1403 2161 libe·
1433 2179 1435 2182 y

238 2222 304 2275 ms,
326 2220 376 2262 sex
393 2219 489 2262 sumes
505 2199 688 2283 totidemque
703 2201 842 2275 feminas,
862 2218 988 2281 quorum
1005 2201 1139 2263 omnimo
1154 2201 1274 2263 nomina
1290 2208 1402 2264 tantum

239 2313 268 2369 et
287 2325 354 2368 rsrox
370 2304 457 2366 retiamr
473 2303 620 2367 errrmulsia
636 2302 814 2385 srrlmlrsque
828 2312 995 2376 enumerat,
1016 2302 1052 2364 de
1067 2311 1169 2366 natiue
1185 2314 1283 2367 autem
1299 2322 1402 2367 eorum

239 2419 267 2473 et
281 2410 387 2491 «perillus
402 2407 711 2489 quisquemuuerilsus
727 2411 844 2471 functus
856 2407 908 2482 sit,
924 2405 995 2468 nilril
1011 2406 1140 2487 exponit,
1171 2407 1245 2469 Post
1259 2407 1316 2468 lios
1330 2407 1403 2469 Ter·

239 2532 301 2577 rans
316 2511 432 2575 eCoelo
447 2510 600 2593 peperisse
612 2511 752 2594 Cyclopes
766 2515 792 2586 Ι)
809 2519 840 2573 et
851 2509 1055 2583 Cerrtirnauos3
1070 2509 1122 2572 sod
1136 2509 1192 2571 hos
1208 2508 1319 2572 liberos
1331 2528 1404 2574 suos

202 2692 205 2697 ¹
240 2630 350 2699 patrem
371 2635 495 2678 exosum
521 2634 626 2678 rursus
646 2614 870 2678 abscondidisse
893 2614 923 2675 in
945 2620 1038 2674 terrae
1056 2613 1124 2675 sinu
1144 2629 1239 2692 neque
1259 2612 1289 2675 in
1310 2612 1403 2675 luoem

240 2719 358 2802 prodire
373 2737 494 2800 passum
510 2739 586 2781 esse.
616 2718 776 2800 Cyelopum
792 2728 928 2780 naturam
944 2715 1063 2778 nonrina
1076 2713 1231 2787 derlarant,
1249 2706 1404 2799 Βρόντης,

241 2815 425 2908 Σιερόπης,
448 2811 581 2907 Ἄργης,
603 2821 792 2895 Tonitrus,
813 2820 1019 2900 Fulgetrus,
1039 2818 1239 2891 Corusous,
1255 2824 1285 2878 ot
1300 2815 1405 2880 dicun-

246 2996 541 3012 Μαι-.-ωι-

312 3083 352 3148 lb)
371 3082 521 3149 obloquitur
534 3078 665 3145 iiior-lius,
682 3078 706 3129 d.
727 3078 808 3142 liciis.
821 3078 845 3128 d.
860 3077 925 3127 llell.
937 3074 969 3140 u,
984 3075 993 3126 1
1008 3072 1087 3142 prael.
1108 3089 1130 3140 p.
1142 3071 1170 3123 d:
1183 3072 1227 3122 sed
1241 3078 1329 3123 eontra
1341 3071 1406 3124 hune

242 3169 345 3236 eiusque.
358 3168 452 3219 similes
466 3165 607 3218 rationibus
619 3163 804 3232 pugnarenilril
817 3163 917 3214 attinet.

314 3255 336 3319 l)
355 3253 526 3317 tioettliogius
543 3251 574 3302 ad
587 3251 621 3301 ri.
633 3266 658 3300 r.
668 3250 714 3299 utri
730 3248 855 3317 Cyelopes
872 3265 921 3298 nou
940 3246 1047 3296 adorto
1063 3248 1199 3310 generatos
1222 3257 1280 3295 esse
1296 3257 1329 3293 ex
1346 3257 1407 3293 rer·

245 3341 315 3391 sibus
330 3340 377 3391 too
389 3346 415 3389 et
430 3338 476 3388 lli
495 3335 652 3403 compressuri
671 3341 796 3396 autumat,
814 3333 903 3402 quippo
913 3347 1017 3400 quorum
1029 3331 1108 3391 ulter,
1125 3330 1237 3396 γείνατο
1249 3321 1278 3378 δ’
1296 3315 1332 3378 ml
1348 3323 1407 3378 liri·

245 3425 364 3488 κλωπας,
378 3424 457 3474 solam
470 3430 574 3474 urutreru
587 3427 717 3484 nreuroret,
730 3419 809 3486 putris
823 3418 949 3470 mentione
959 3417 1060 3480 aruisse,
1072 3415 1238 3466 ultareoatra
1248 3411 1407 3464 Continuam

246 3511 340 3574 diserte
350 3508 430 3560 Terra
443 3515 470 3560 et
480 3506 558 3558 Coelo
571 3513 644 3557 notos
653 3506 728 3557 dicut
750 3506 844 3556 Cirrrtra
857 3504 1014 3556 llermarrnus
1028 3503 1052 3554 io
1064 3517 1133 3553 oens.
1146 3501 1185 3553 ed.
1195 3498 1292 3552 Goettl.
1306 3498 1407 3567 (Opust.

247 3594 279 3646 Vl
292 3611 314 3662 p.
330 3594 386 3658 tiu)
400 3610 432 3645 ex
446 3593 484 3644 liis
497 3592 557 3660 ipsis
567 3592 652 3642 uerbis
665 3607 689 3642 r.
703 3590 763 3655 lli,
778 3583 857 3642 ἄλλοι
877 3583 905 3641 d’
917 3577 954 3640 ml
968 3591 1052 3654 Γαίης
1067 3603 1096 3640 re
1114 3587 1159 3637 sed
1175 3580 1303 3656 Οὐρανοῦ
1320 3580 1409 3653 ἐξεγέ-

248 3696 337 3741 roruo,
349 3679 507 3731 marsile-stom
517 3677 571 3728 deri
583 3676 628 3741 rit,
639 3677 696 3729 illos
709 3693 808 3746 quoque
818 3675 963 3744 superiores
976 3674 1064 3726 iisdem
1076 3672 1172 3724 duobus
1182 3669 1328 3740 peremitur
1338 3676 1409 3721 ortos

248 3781 313 3816 esse.
337 3764 392 3816 Nou
405 3764 520 3816 rrsrrredit
531 3765 578 3815 lior
591 3762 762 3827 Goettlirqius
774 3763 798 3813 io
812 3762 872 3813 edit.
886 3777 951 3823 soe.;
969 3768 996 3813 et
1012 3776 1073 3812 sune
1086 3757 1213 3809 latendum
1226 3762 1279 3821 est,
1297 3754 1409 3822 potuisse

251 3857 346 3916 premor
359 3852 395 3902 sie
411 3851 490 3919 loqui,
506 3850 604 3902 etiamsi
617 3849 741 3918 Cyclopes
754 3848 808 3900 solo
820 3846 915 3913 Terra,
932 3864 981 3898 ron
994 3847 1054 3899 item
1065 3844 1159 3909 Coelo,
1176 3842 1229 3894 uati
1241 3845 1336 3892 esseut.
1359 3839 1409 3892 iti·

251 3937 314 3987 nime
327 3943 408 3987 tameo
422 3938 477 3988 trior
489 3935 635 4001 confluitur,
652 3934 765 3986 soluisse
777 3950 834 3986 eum
847 3935 893 3985 hoe
907 3934 986 4001 ipsuis
998 3932 1120 3984 iudicare.
1143 3926 1219 3980 lmmo
1231 3927 1306 3991 longo
1319 3923 1411 3993 proisi·

251 4021 326 4074 bilius
338 4030 378 4074 est
390 4031 504 4090 poetmu,
521 4038 594 4090 quum
608 4021 677 4073 initio
690 4022 721 4072 de
733 4021 825 4084 Coelo,
843 4019 982 4083 illontibus,
999 4017 1080 4071 Ponto
1093 4034 1107 4069 e
1120 4017 1174 4067 sola
1186 4012 1268 4066 Terra
1280 4011 1410 4080 proruatis

252 4108 360 4172 dixerit,
376 4109 465 4160 deinde
476 4116 560 4161 autem
579 4108 634 4160 eius
651 4107 756 4160 eCoelo
773 4107 840 4160 ilios
857 4112 991 4168 urenroret,
1010 4103 1116 4158 Titanes
1132 4098 1344 4162 otceutiruuoos,
1361 4114 1410 4149 uos

252 4195 347 4248 medios
359 4195 445 4248 lirrosa
455 4196 578 4266 Cyclopes
589 4195 770 4248 collocaturum
783 4193 870 4256 fuisso,
883 4191 931 4244 uisi
943 4191 1031 4244 iisdem
1043 4192 1089 4244 hor
1098 4204 1196 4259 quoquo
1208 4183 1354 4257 parentibus
1366 4198 1411 4236 ou·

252 4291 293 4336 tos
305 4281 390 4334 iuberi
402 4282 490 4335 uellet.
514 4281 547 4335 Et
563 4281 672 4334 traditur
687 4281 723 4335 iu
738 4280 770 4334 ab
783 4279 938 4349 Apollodoro
955 4277 994 4346 (l,
1009 4279 1037 4346 i,
1049 4279 1093 4344 t),
1109 4276 1141 4328 ab
1153 4272 1270 4344 ili-phiris
1288 4268 1411 4338 (Lobrek.

250 4370 308 4437 ligi.
320 4386 344 4438 p.
354 4368 412 4433 sut)
426 4376 453 4421 ot
464 4367 488 4421 io
500 4369 598 4438 es'rlieo
610 4368 719 4421 cornino
730 4368 796 4436 opud
806 4366 933 4433 Proetum,
948 4366 1022 4419 Plrot.
1034 4381 1059 4434 p.
1069 4361 1120 4418 982
1132 4360 1241 4416 lismoi.
