2962 4808
552 624 754 724 242-

73 835 106 877 ea
127 813 240 878 deeius
256 813 334 877 cuttu
349 813 442 897 doque
456 814 548 879 antris
564 814 730 880 eiZerinthi
744 822 774 878 et
788 812 855 878 athi
870 813 1049 878 consecratis
1065 830 1237 877 memoren-

73 920 195 997 tur⁰⁰)‚
216 917 362 980 infernum
381 918 481 999 potius
502 937 591 1001 quam
612 918 734 983 eoeleste
749 937 859 982 numen
874 919 1001 1000 prodere
1016 916 1162 980 ridentur.
1191 916 1236 980 Eo

74 1020 161 1101 igitur
175 1039 224 1083 res
239 1019 327 1093 redit,
343 1029 391 1094 ut,
406 1019 465 1083 nisi
480 1021 616 1086 hariolari
630 1022 775 1097 malimus,
791 1021 939 1084 fotendum
957 1020 1004 1094 sit,
1020 1020 1096 1083 hone
1110 1020 1237 1100 theoge-

73 1124 168 1187 nicam
180 1123 309 1186 Hecaten
323 1123 360 1187 ob
376 1123 527 1201 omnibus,
543 1143 619 1208 quae
633 1125 748 1188 aliunde
764 1124 851 1188 nobis
866 1122 909 1187 rel
924 1124 961 1186 de
975 1123 1102 1206 publicis
1117 1121 1237 1204 religio·

73 1226 160 1290 nibus
175 1225 219 1288 vet
236 1225 272 1288 de
287 1225 434 1308 mysteriis
450 1226 538 1291 huius
553 1227 624 1292 dese
634 1227 835 1302 innotuerunt,
849 1226 949 1290 moltis
960 1227 1058 1290 modis
1070 1226 1239 1310 discrepare

74 1338 105 1392 et
124 1327 298 1409 theogoniae
317 1329 402 1409 plane
417 1330 568 1411 propriam
584 1351 651 1395 esse
664 1331 770 1396 rideri:
791 1331 875 1395 cuius
889 1329 1067 1414 praedicatio
1083 1341 1182 1394 dudm
1196 1330 1235 1393 ab

73 1433 140 1516 ipso
160 1429 361 1512 compositore
381 1431 503 1495 carmini
521 1432 642 1509 inserto,
662 1453 701 1498 an
721 1443 826 1517 postes
845 1434 965 1496 demum
979 1433 1016 1497 ab
1030 1433 1129 1516 dique
1144 1433 1237 1498 inter·

73 1535 206 1619 poletore
226 1543 326 1598 assuta
346 1535 425 1598 erodi
444 1533 563 1612 debeat,
588 1536 662 1600 hoec
679 1534 827 1618 quaestio,
847 1533 924 1599 sieut
942 1534 1026 1599 initio
1045 1533 1188 1612 diximus,
1206 1535 1238 1599 in
1326 1607 1328 1610 ,

73 1639 151 1704 aliud
166 1648 284 1720 tempus
299 1632 456 1701 differendo
473 1645 528 1701 est

158 1741 252 1806 Serib.
268 1739 524 1824 Gryphisrteldiee,
539 1739 616 1824 prid.
631 1740 709 1806 Non.
723 1739 861 1819 Quinctil.
876 1758 904 1805 o
919 1738 1087 1840 MDCOCLI.

150 1981 194 2047 69)
207 1979 301 2034 soon.
315 1988 343 2032 et
354 1980 412 2033 iutt
423 1981 455 2032 sd
466 1980 592 2050 Lyeepbr.
603 1996 630 2034 v.
640 1981 682 2036 ii.
702 1982 741 2036 Gt.
752 1979 885 2048 liberem,
895 1981 960 2033 Λοι.
972 1997 998 2033 ι.
1008 1981 1034 2033 d.
1044 1980 1134 2034 Petet.
1145 1997 1170 2050 p.
1179 1981 1240 2034 tto.

78 2067 177 2135 tingri,
188 2065 292 2135 Kypros
302 2063 324 2118 tt
336 2081 362 2134 p.
371 2064 422 2117 tto
434 2081 472 2134 sq.
