2962 4808
174 559 295 642 spirant
326 556 368 620 de
382 554 546 620 tabularum
567 556 686 639 quidem
708 558 767 622 duo
783 577 889 640 genera
906 563 1000 626 lacere
1014 584 1192 647 possumus,
1213 566 1338 630 altorum

172 682 293 737 meunt,
319 679 395 743 cquae
414 680 431 722 a
453 659 641 742 plrilosoplris
667 662 844 743 qnibusdarrr
864 665 1014 730 fabulosae
1036 670 1198 751 theologiae
1217 671 1340 734 nomino

130 784 151 837 a
173 764 384 849 comprehendi
409 764 591 847 naturalique
615 772 645 827 et
669 765 745 828 cirili
768 766 931 849 theologiae
951 772 1063 853 opponi
1086 773 1234 852 solent¹):
1258 774 1338 857 quod

173 889 268 953 genus
282 869 322 932 illi
344 877 439 932 totum
457 889 473 931 a
489 867 586 950 poetis
602 870 773 944 consuetum,
789 872 868 933 etad
885 863 1123 950 oblectationem,
1143 895 1204 940 ntra
1225 878 1260 939 ad
1276 877 1340 959 pie·

173 982 262 1037 tatem
274 981 324 1035 aut
334 972 508 1054 sapientiam
518 978 722 1054 comparatum
731 992 799 1036 esse
810 983 946 1055 arguunt,
958 976 1051 1039 immo
1063 981 1263 1043 condemnant
1274 991 1340 1044 tan·

173 1095 265 1159 quam
280 1076 416 1140 tricolum
434 1095 470 1138 ac
488 1074 678 1155 sacrilegum:
700 1077 824 1140 altorum
844 1088 941 1141 autem
958 1099 1073 1155 earum,
1094 1100 1168 1164 quae
1183 1102 1251 1146 oum
1267 1083 1341 1147 cirili

172 1179 321 1261 theologia
341 1178 516 1241 coniunctae
535 1189 619 1242 erant
639 1179 809 1264 rituumque
827 1190 856 1243 et
877 1183 1119 1248 caerimoniarum
1136 1205 1241 1248 euersas
1255 1194 1342 1267 atque

173 1282 305 1365 origines
320 1285 430 1346 releme
442 1281 644 1357 eretldrantnr,
658 1302 718 1366 quo
735 1284 766 1347 in
781 1303 888 1367 genere
899 1288 1056 1350 nonnullae
1071 1300 1148 1351 certe
1163 1308 1197 1350 ex
1214 1287 1249 1350 iis
1262 1296 1342 1362 sunt,

173 1407 250 1471 quae
266 1377 361 1472 ἱερῶν
375 1377 482 1470 λόγων
503 1387 625 1451 nourine
644 1388 788 1469 passima
805 1389 949 1453 Pausania
969 1391 1090 1473 aliisque
1105 1408 1342 1455 commemoran-

176 1502 234 1556 tur.
263 1492 388 1555 touton
405 1500 503 1555 autem
519 1491 681 1557 tabularum
693 1491 878 1576 primamque
890 1494 1034 1575 originem
1049 1495 1127 1558 trane
1142 1494 1234 1559 luisse
1249 1514 1344 1574 agno·

174 1597 304 1673 seimus,
319 1596 399 1678 quod
415 1595 543 1677 divinam
559 1607 707 1673 natumrn,
728 1597 811 1662 euius
830 1598 975 1682 quaedam
991 1600 1075 1682 quasi
1095 1600 1264 1683 anticipatio
1287 1602 1344 1664 bu-

176 1721 266 1765 ruano
278 1698 378 1782 generi
390 1698 488 1763 innata
499 1709 553 1774 est,
568 1700 728 1765 informare
739 1701 835 1783 prisca
850 1713 931 1766 aetas
942 1703 1000 1766 nisi
1011 1705 1048 1767 ad
1061 1705 1207 1767 lrumanae
1222 1705 1349 1767 naturae

176 1805 345 1888 exeruplum
357 1822 419 1868 tion
432 1801 537 1887 potuit,
551 1804 630 1868 uude
641 1823 763 1867 necesse
778 1806 831 1869 luit
841 1815 870 1868 et
881 1805 1100 1870 multitudinem
1112 1808 1235 1872 deorum
1247 1827 1345 1871 emer·

176 1928 254 1993 gere,
268 1917 298 1971 et
308 1908 416 1973 borum
429 1926 549 1971 omnem
561 1907 648 1970 uitam
662 1907 866 1991 actionemque
878 1910 1023 1973 humanae
1034 1909 1109 1974 ritae
1123 1911 1345 1974 sinrilitudinem

176 2012 309 2078 induero.
340 2010 416 2074 lline
430 2010 519 2092 igitur
533 2018 563 2072 et
573 2010 647 2073 ritus
663 2029 815 2075 sacrnmm
832 2012 950 2095 plurimi
965 2012 1121 2077 extiterunt
1135 2014 1170 2077 ad
1188 2014 1345 2077 imitandas

178 2115 400 2200 quodammodo
416 2115 542 2177 deorum
559 2113 690 2176 actiones
706 2114 844 2192 instituti,
863 2124 893 2177 et
903 2116 1106 2179 namationum
1123 2136 1229 2198 magna
1245 2117 1345 2181 multi-

179 2221 261 2293 tudo,
275 2238 400 2305 quarunt
411 2216 494 2293 aliae,
509 2236 600 2301 quum
614 2236 764 2283 connexae
776 2238 843 2282 cum
860 2219 952 2283 saeris
964 2229 1181 2304 permanerent,
1194 2240 1255 2285 noa
1267 2223 1346 2285 naul-

180 2336 244 2391 tum
256 2329 315 2391 lere
325 2346 342 2389 a
354 2324 448 2408 prium
460 2324 556 2386 brrrua
569 2323 762 2406 degenerasse
774 2324 919 2397 ridentur,
936 2324 1008 2389 aliae
1023 2335 1121 2389 antem
1139 2348 1155 2389 a
1167 2326 1263 2408 poetis
1276 2346 1346 2390 stas·

179 2440 281 2514 neptae
298 2429 480 2510 liberiusque
496 2438 647 2503 tractatae,
671 2429 830 2511 multisque
850 2449 919 2492 mox
938 2429 1073 2511 ipsorum
1096 2430 1213 2512 ingenio
1229 2430 1347 2513 excogi-

91 2584 94 2588 -
179 2536 248 2599 tatis
262 2543 364 2598 auctae
379 2541 457 2610 sunt,
473 2532 645 2616 praesertim
662 2552 754 2614 quum
766 2532 955 2613 antiquorum
970 2533 1127 2596 bominum
1143 2534 1243 2608 rebus,
1259 2553 1347 2616 quam

179 2638 220 2703 illi
235 2637 398 2702 carminum
414 2636 567 2699 materiam
582 2636 738 2709 habebant,
753 2634 868 2699 divinae
883 2654 1030 2716 personae
1044 2636 1232 2699 multifariam
1248 2637 1347 2701 immi·

180 2750 342 2805 soerentur.
371 2740 450 2802 llaec
464 2738 523 2801 duo
540 2737 703 2801 tabularum
720 2755 829 2819 genera
846 2737 933 2799 certis
949 2738 1125 2818 quibusdam
1142 2739 1221 2801 notis
1237 2739 1349 2803 tlisoer·

180 2863 251 2908 nere
270 2861 487 2925 saepenumero
508 2841 642 2923 quidem,
665 2841 891 2920 haudquaquam
916 2847 1015 2902 tamen
1035 2857 1153 2919 semper
1172 2859 1348 2920 possumus,

180 2946 288 3030 quaele
303 2965 336 3008 re
350 2946 408 3008 bor.
423 2944 489 3007 loco
505 2944 656 3026 disputare
672 2945 757 3018 noln;
777 2943 846 3006 illud
862 2952 960 3005 autern
980 2941 1062 3004 laoilo
1078 2941 1348 3015 animadvertimus,

182 3051 212 3113 in
227 3058 333 3112 neutro
349 3066 457 3130 genero
472 3067 561 3111 unam
576 3057 605 3109 et
616 3047 797 3127 aequabilem
811 3045 998 3109 traditionem
1011 3044 1089 3125 aptrd
1102 3063 1208 3106 omnes
1221 3042 1348 3106 Graecos

182 3153 256 3216 adeo
272 3151 446 3225 obtinuisse,
462 3160 494 3213 nt
505 3170 567 3214 non
582 3149 619 3211 de
631 3149 734 3212 iisdem
750 3148 806 3210 diis
818 3149 1002 3228 deorumque
1015 3145 1178 3209 actionibus
1191 3144 1260 3207 uliae
1272 3145 1349 3226 apud

183 3256 256 3319 alios
271 3256 384 3319 tabulae
399 3256 553 3318 lerrentur.
583 3253 662 3317 llaec
681 3261 780 3316 autem
800 3251 925 3314 varietas
945 3271 980 3315 ae
1000 3246 1146 3313 dissensio
1161 3246 1247 3308 etiam
1267 3246 1350 3327 ipsos

184 3357 322 3432 Graecos,
338 3357 363 3421 si
379 3359 470 3421 modo
486 3357 674 3420 mediocriter
688 3356 888 3430 attenderent,
908 3356 997 3418 latere
1013 3352 1147 3434 prolecto
1162 3367 1224 3412 non
1239 3349 1351 3430 potuit:

185 3481 241 3545 qua
256 3463 347 3525 sentel
366 3462 570 3526 animaduersa
590 3480 712 3526 neeesse
733 3468 797 3522 erat
815 3460 852 3522 de
870 3458 928 3521 lade
948 3467 977 3519 et
996 3454 1169 3519 auctoritate
1189 3452 1351 3515 tabularum

186 3566 345 3648 pluriruum
364 3565 485 3630 detrahi.
521 3565 627 3629 Errant
646 3563 725 3627 enim
745 3560 932 3635 stultissime,
953 3559 1004 3641 qui
1025 3559 1096 3619 istas
1116 3554 1350 3618 narratiunculas

186 3669 271 3752 quasi
291 3669 461 3751 dogmatum
481 3669 574 3732 instar
589 3668 702 3731 habitas
717 3686 785 3730 esse
800 3664 936 3737 erodunt,
956 3681 1031 3745 quae
1051 3668 1103 3723 aut
1121 3657 1281 3722 examinari
1301 3665 1352 3720 aut

189 3773 354 3855 impugnari
373 3781 403 3836 et
420 3773 451 3837 in
469 3773 591 3836 dubium
610 3771 709 3835 vocari
730 3771 808 3834 salva
827 3768 967 3848 religione
986 3783 1049 3829 non
1067 3761 1232 3846 pomerium
1256 3778 1352 3842 neqm

189 3872 344 3956 quisquam
362 3893 480 3948 eorum,
505 3874 555 3957 qui
575 3872 735 3957 impietatis
750 3871 830 3953 apud
850 3878 961 3933 veteres
980 3867 1023 3931 rei
1043 3868 1176 3938 luerunt,
1194 3870 1353 3945 propterea

193 4031 300 4042 ..ι-..-
310 4031 345 4039 ..-
358 4031 402 4038 -οι-
425 4031 488 4040 -..-

263 4128 286 4193 ll
298 4128 336 4180 lle
348 4129 393 4179 bae
405 4128 497 4197 triplici
511 4130 652 4195 theologiae
661 4127 785 4180 divisione
798 4127 848 4178 rial.
859 4123 987 4178 Plutarch.
997 4124 1028 4175 tle
1040 4121 1105 4189 plue.
1118 4117 1177 4187 pbil.
1191 4115 1209 4182 l,
1215 4113 1239 4165 6.
1258 4114 1352 4167 Euoeb.

194 4230 278 4283 praep.
291 4229 331 4265 cu
344 4212 384 4279 lV,
398 4215 408 4265 l
424 4214 457 4265 in.
467 4215 598 4278 Angustia.
612 4216 643 4265 cle
653 4214 680 4266 C.
692 4215 721 4267 n.
734 4214 776 4281 tv,
789 4213 831 4265 27.
843 4210 876 4277 V,
890 4211 914 4262 5.
926 4208 970 4274 vt,
980 4208 1005 4260 5.
1029 4205 1117 4258 boetb.
1130 4203 1161 4256 tle
1174 4200 1221 4253 rliir
1233 4207 1261 4252 et
1270 4215 1353 4267 praes.
1381 4217 1386 4228 ·

194 4299 225 4352 ud
235 4299 286 4351 Cic.
298 4297 361 4366 'l’op
379 4297 483 4364 romu,
502 4299 512 4349 l
533 4299 612 4367 puna
624 4300 704 4352 urett.
718 4301 795 4354 Voss.
810 4297 842 4350 de
855 4295 982 4348 lrlololatr.
996 4292 1029 4357 ll,
1046 4291 1057 4342 l
1077 4288 1165 4358 punt.
1183 4301 1208 4339 r.
1218 4285 1310 4338 Seelru
1321 4284 1353 4337 de

196 4384 320 4455 inscripto.
332 4384 391 4435 bibl.
403 4383 474 4451 pull.
498 4381 642 4438 Curlwortb.
654 4393 760 4455 oyem.
773 4385 819 4439 iet.
830 4399 854 4438 e.
865 4383 890 4453 t,
903 4380 935 4435 26
947 4378 1029 4451 polu
1041 4394 1079 4447 eq.
