2962 4808
590 301 654 367 239

526 394 726 406 ,σω-...ηο-

43 493 126 557 tundi
141 513 209 557 oum
225 494 402 578 Proserpina
418 495 545 561 lleeoten
561 515 623 560 non
638 495 738 559 minus
753 513 841 576 quam
856 511 924 557 cum
940 493 1029 557 bium
1045 501 1103 556 tam
1120 489 1208 573 liqui·

42 599 81 662 do
98 597 247 672 ridemus,
267 610 300 662 ut
315 599 387 662 satis
407 612 557 683 apparent,
577 608 757 683 quantopere
772 600 844 663 boec
859 598 961 681 opinio
975 605 1128 681 perrognta
1143 598 1209 659 lue·
1282 588 1283 591 '

42 702 96 766 rit*
108 706 147 780 θ).
177 702 243 766 Non
256 723 332 787 opus
345 713 392 767 est
406 704 582 769 testimoniis
593 704 623 768 in
636 724 666 768 re
678 703 832 768 rnnnilesta
843 703 1016 784 drnlumqne
1029 700 1066 764 ab
1078 700 1143 764 aliis
1154 700 1209 762 de·
1262 773 1265 780 ¹

43 817 221 873 rrronstrntn:
237 810 289 875 sed
302 809 369 873 illud
382 810 482 893 potius
496 811 668 880 eorerrdum.
686 829 722 873 no
733 808 821 873 nitriis
838 806 906 872 lmic
915 806 1082 872 corilusioni
1096 805 1208 871 trilma·

44 934 121 986 mus‚
133 914 345 997 propriamque
356 935 392 979 ae
408 915 565 998 genuinam
577 916 697 980 licentes
713 933 873 997 personum
889 910 1205 996 prorsusnnbisqnosi
1226 917 1257 970 st

42 1017 116 1083 elnbi
133 1039 149 1081 e
162 1019 298 1085 rttrmibns
312 1020 466 1104 purtinmnr,
476 1021 555 1107 numi
568 1021 719 1087 ncrttnnllis
730 1019 871 1084 urridisse
880 1019 972 1093 rideo,
983 1018 1032 1103 spiri
1045 1018 1123 1082 illntn
1136 1016 1208 1082 nibil

44 1124 120 1190 eliud
136 1123 193 1191 nisi
209 1125 335 1210 speciem
352 1128 498 1211 rpurrtnbnn
512 1127 617 1194 ltiunon
633 1147 850 1212 personamque
865 1147 898 1191 es
916 1126 1036 1210 ntnbptn
1053 1124 1139 1191 lrrrins
1154 1145 1208 1187 co·

45 1232 184 1310 gnornine
208 1235 305 1297 butam
325 1254 391 1297 esse
410 1235 605 1299 crediderunt
641 1234 757 1298 Scilicet
779 1254 869 1316 iprum
891 1232 1051 1316 spottbnnr
1073 1233 1110 1296 nb
1130 1231 1209 1295 onti-

45 1335 196 1416 quissimis
208 1337 304 1418 poetis
316 1329 434 1400 Peuces
444 1337 584 1420 appellari
595 1338 734 1412 riderent,
746 1337 833 1400 etiam
845 1355 980 1399 sororem
992 1335 1067 1409 eius,
1078 1336 1210 1410 bionum,

45 1429 164 1524 ἑκάτην
178 1441 314 1521 appellari
331 1441 467 1504 debuisse
481 1450 629 1524 procerte
645 1452 819 1506 statuerunt.
845 1440 932 1522 btcpti
948 1440 1033 1502 iidem
1049 1438 1090 1502 illi
1105 1449 1210 1521 poetae

44 1541 252 1623 antiquissimi,
268 1563 359 1624 tpuum
372 1544 524 1626 aliquoties
535 1539 733 1631 κασιγνήτην
743 1536 900 1608 Ἑκάτοιο
911 1543 1033 1606 binnam
1044 1543 1157 1606 dicant*
1167 1549 1209 1617 ⁹),

45 1643 139 1725 ipsam
156 1655 255 1707 tomen
266 1637 405 1732 Ἑκάτην
419 1647 515 1709 (licere
528 1657 586 1709 tom
603 1658 772 1710 constanter
786 1645 951 1726 defugiunt,
970 1653 1003 1707 nt
1021 1664 1082 1707 non
1103 1646 1210 1708 imme·

44 1746 101 1810 rito
117 1747 238 1821 dixeris,
258 1749 391 1810 noluisse
411 1769 463 1811 eos
478 1749 602 1812 Dionem
623 1749 653 1810 in
668 1749 754 1810 alieni
769 1747 898 1810 norrrinis
914 1746 1137 1828 possessionem
1153 1747 1212 1809 im·

45 1850 176 1924 mittere,
196 1850 293 1913 donee
307 1851 427 1914 mutetis
443 1852 593 1934 peullotbn
610 1850 799 1932 opinionibus
814 1849 954 1913 conlundi
976 1850 1030 1913 lure
1046 1850 1120 1912 dune
1135 1848 1213 1913 inter

46 1973 79 2015 se
94 1962 271 2034 coeperunt,
292 1953 320 2016 id
341 1956 421 2036 quod
443 1974 504 2017 uon
524 1955 633 2018 mirum
653 1963 699 2017 cst
717 1955 748 2017 in
763 1964 840 2018 tants
855 1953 1008 2037 utriusque
1022 1954 1153 2017 nunrinis
1170 1955 1214 2017 si·

46 2056 282 2135 militudiuo⁵⁰b
312 2058 421 2121 Verum
437 2067 533 2121 unren
546 2057 699 2123 notionem
711 2057 798 2131 illem,
812 2076 886 2140 quoe
898 2056 1015 2138 utrique
1026 2075 1127 2121 eorum
1140 2058 1214 2120 sub·
1288 2057 1291 2064 '

52 2367 75 2404 r.
91 2351 156 2403 1184
169 2352 325 2403 llermunnus
337 2348 514 2418 Proserpinam
533 2350 640 2416 intelligi
657 2358 739 2402 retat:
758 2349 927 2418 nescioquam
940 2357 1019 2401 rcctc.
1043 2348 1213 2402 Biclrstadiosr

50 2438 75 2489 irs
88 2437 204 2504 Quaestt.
218 2436 304 2504 pbilol.
319 2453 387 2504 spec.
400 2434 448 2487 αδ
461 2454 484 2504 p.
494 2435 526 2488 'ib
537 2436 648 2488 llcraten
660 2444 686 2488 et
699 2435 874 2503 Proserpinam
886 2452 900 2486 a
914 2435 1017 2500 tragicis
1033 2433 1150 2486 conlundi
1167 2451 1212 2484 sse·

49 2538 110 2588 sore
133 2538 166 2574 ex
179 2521 307 2575 Lolscclrio
320 2523 408 2584 didici,
425 2521 482 2586 ngr.
495 2539 519 2589 p.
529 2521 571 2589 ib,
583 2522 625 2590 qui
638 2521 790 2572 contrarium
803 2520 888 2572 doceri
902 2521 939 2571 sit
951 2519 1073 2588 exemplis
1088 2535 1104 2570 s
1117 2520 1213 2586 sprea-

49 2609 118 2674 petto
132 2609 248 2662 collectis
261 2611 286 2662 in
299 2609 412 2678 Sp'mbol.
425 2609 456 2660 ad
469 2609 557 2660 histor.
576 2609 665 2660 medie.
679 2606 710 2659 lll
721 2624 744 2674 p.
754 2607 795 2658 25».
820 2607 869 2658 Sed
883 2606 1025 2675 Sprengclii
1041 2605 1155 2673 exempla
1173 2605 1213 2656 ui·

49 2696 84 2746 bil
96 2696 195 2748 docent
223 2697 268 2749 lid.
282 2696 400 2749 bluellcri
417 2696 619 2747 dissertationem
632 2696 662 2745 de
676 2694 795 2762 Euripide
812 2687 916 2744 deorum
928 2692 1083 2761 popularium
1100 2699 1214 2743 eorncn-
1305 2739 1307 2743 ,

50 2789 136 2849 ptorc,
154 2784 179 2834 iu
192 2800 240 2852 qua
258 2785 320 2836 bane
332 2783 502 2851 quaestionem
515 2782 642 2849 copiosius
659 2780 765 2833 tractari
782 2780 924 2832 Luberlius
940 2779 990 2844 ait,
1010 2779 1133 2846 inspicere
1150 2794 1215 2829 auuc
1256 2799 1259 2804 ·

50 2884 99 2920 non
112 2870 190 2938 potui.

120 2957 162 3021 48)
175 2958 291 3010 Pertinet
304 2959 349 3007 buc
361 2956 435 3008 ctiam
448 2956 571 3023 Δαείρας
583 2970 604 3005 s.
617 2956 726 3022 Jntpac
738 2969 841 3018 unomen,
858 2971 905 3021 quo
919 2953 1013 3005 llccatc
1029 2951 1173 3020 appellatur
1184 2949 1216 3001 ab

51 3042 185 3108 llpollonio
202 3042 249 3095 llb.
269 3042 312 3108 lll,
331 3042 389 3094 Sli.
414 3042 476 3094 Nam
489 3058 537 3092 nou
551 3040 668 3094 debuisse
686 3040 718 3090 ibi
734 3056 749 3091 u
763 3039 912 3091 ll'ellourro
930 3033 1034 3110 κούρην
1046 3039 1132 3107 reponi
1146 3044 1215 3088 recte

52 3127 222 3179 lluebmannus
238 3130 332 3180 iudicat
348 3129 379 3178 ad
393 3127 518 3195 Lycopbr.
532 3145 555 3194 p.
568 3127 624 3178 ldd.
639 3121 763 3195 „leisepor
780 3134 864 3177 autera
876 3125 1052 3192 Proserpinam
1069 3140 1127 3176 csse
1144 3123 1217 3175 molti

53 3220 186 3264 testantur.
217 3212 273 3264 Pid.
296 3214 366 3279 impr.
389 3212 497 3264 Prellet.
519 3212 616 3263 llernct„
639 3229 663 3262 o.
680 3212 801 3277 Persepb.
819 3227 843 3278 p.
860 3213 883 3261 b.
913 3208 1216 3276 Lolscck..bgl.p.158.

53 3298 159 3348 lloeclch.
174 3298 346 3349 Stoatslrausb.
360 3294 381 3347 ll
394 3314 417 3364 p.
430 3296 475 3347 lbi
490 3297 528 3348 ed.
543 3297 567 3347 2.

121 3384 162 3447 lb)
177 3383 276 3434 llomer.
289 3380 318 3433 ll.
332 3381 393 3444 XX,
407 3382 447 3432 73.
462 3384 544 3448 byrso.
555 3383 579 3433 ia
594 3381 665 3433 Dian.
680 3381 724 3447 tx,
740 3383 760 3432 1.

121 3471 163 3534 50)
177 3468 312 3521 Consimile
324 3483 427 3533 uermes,
436 3461 577 3535 Ἑκαέργῃ,
591 3468 685 3518 Dinone
698 3468 723 3518 in
736 3467 929 3519 branchidarum
941 3467 1011 3518 cultu
1024 3466 1176 3534 impositum,
1188 3475 1218 3519 ut

52 3555 163 3622 Apollini
172 3550 324 3624 Ἑκαέργῃ»,
342 3553 510 3620 Apollodorus
523 3553 676 3621 Cyrenensis
693 3560 804 3604 testatur
814 3555 879 3620 apud
892 3553 969 3604 Clem.
982 3552 1023 3604 ΑΙ.
1035 3553 1129 3603 Stenas.
1143 3551 1179 3618 Υ,
1192 3555 1218 3616 δ,

53 3641 95 3692 to.
116 3640 182 3693 ldeas
195 3658 283 3693 nomeu
294 3641 368 3692 etiarn
381 3640 405 3692 iu
416 3639 544 3690 beliorum
555 3639 717 3703 religionibus
726 3638 911 3704 celebrabatur,
923 3640 990 3690 sicut
999 3638 1108 3690 alteram
1120 3627 1219 3705 Oduec,

53 3743 103 3795 quo
122 3728 146 3778 in
163 3727 220 3778 aliis
232 3744 330 3796 quoque
343 3726 466 3779 Graeciae
483 3725 596 3793 portibus
614 3725 726 3794 plurimis
742 3724 844 3776 Dianam
860 3725 1011 3793 appellatam
1024 3725 1144 3791 legisses,
1161 3726 1220 3777 sire

54 3816 118 3883 quod
131 3816 302 3882 parturientes
315 3821 443 3878 tueretur,
457 3821 484 3864 ut
496 3820 598 3864 veteres
610 3813 681 3863 aiuat
693 3811 786 3880 (Etrus.
800 3811 833 3863 bl.
850 3830 873 3880 p.
885 3813 944 3877 titt,
957 3813 1015 3877 55),
1032 3812 1088 3864 sire
1100 3813 1166 3880 qaod
1179 3813 1219 3864 ia·

54 3903 165 3970 spiceret
177 3916 219 3952 res
232 3902 351 3952 bumsaas
363 3908 390 3952 et
401 3901 466 3952 male
479 3899 545 3952 lacta
557 3900 709 3962 vindicaret,
726 3906 755 3951 ut
767 3898 892 3951 lliillerus
904 3899 1012 3964 censuit,
1023 3898 1085 3951 Dor.
1098 3898 1107 3951 l
1120 3917 1144 3967 p.
1154 3900 1219 3951 tos:

54 4003 118 4056 quse
131 3988 258 4060 sententia
271 4003 302 4038 eo
318 3986 460 4038 confirmari
478 3985 572 4055 possit,
589 3986 654 4053 qood
671 3986 734 4036 idern
752 4001 889 4050 cuprensea
906 3986 981 4038 etisso
993 3985 1097 4039 lienosi
1114 3987 1220 4039 iaditma

55 4074 110 4127 luit.
134 4073 192 4128 vit.
205 4074 311 4126 Coeant.
323 4090 348 4143 p.
357 4073 391 4125 42
403 4082 431 4126 et
440 4072 538 4126 Piorill.
550 4071 583 4124 acl
596 4071 688 4122 llcrod.
701 4072 778 4124 bttic.
792 4089 816 4140 p.
826 4073 869 4124 ot.
894 4074 964 4141 Apud
978 4073 1065 4125 Delios
1075 4082 1161 4126 sotera
1170 4074 1221 4126 lle·

56 4176 165 4227 eserssea
178 4170 206 4214 et
218 4161 282 4230 Upis
295 4168 324 4213 ut
335 4155 546 4232 sovpocpdpovc
556 4158 640 4209 cultas
651 4172 708 4208 esse
721 4158 778 4209 biae
789 4167 906 4227 apponet,
918 4160 983 4228 qood
994 4175 1080 4212 comas
1091 4160 1131 4213 eis
1142 4175 1158 4213 a
1169 4161 1222 4213 rir-

56 4247 156 4311 giaibos
168 4249 285 4318 nupturis
297 4247 434 4318 puerisque
444 4245 537 4297 adultis
549 4242 693 4295 coaucrari
706 4242 795 4295 solitas
807 4260 866 4298 esse
879 4245 994 4311 legimus.
1017 4247 1125 4299 Passus.
1138 4245 1162 4313 l,
1179 4246 1222 4314 ⁴³,

52 4330 78 4388 ³.
104 4331 248 4389 Gallicanas.
262 4337 287 4390 l.
299 4335 324 4390 la
334 4333 391 4388 Del.
402 4333 429 4385 v.
440 4329 499 4384 296.
523 4328 574 4384 sm
585 4327 679 4383 lactan
690 4337 732 4384 est
742 4331 818 4385 cusas
835 4331 859 4384 ia
875 4332 928 4401 tris,
943 4339 973 4386 st
988 4346 1023 4386 as
1034 4332 1222 4401 meabiles
