2962 4808
694 358 736 421 at

136 559 291 615 accusatus
306 559 365 627 est,
385 549 466 632 quod
481 547 597 613 tabulas
613 559 768 633 sperneret
784 570 817 613 ao
832 552 979 625 reiimret,
1000 553 1051 616 od
1066 556 1147 637 qnod
1163 564 1213 619 aut
1228 557 1303 619 deos

97 675 98 680 ¹
137 655 236 739 ipsos,
255 655 304 738 qui
320 654 435 738 publice
450 655 635 731 colebantur,
656 655 780 719 ommno
795 676 861 719 esse
877 669 1010 738 negaret,
1031 671 1081 722 aut
1096 679 1179 724 sacra
1194 678 1302 725 eorum

137 758 258 824 violaret
276 760 319 822 rel
335 759 484 823 irridendo
504 759 578 822 etin
599 768 801 840 contemptum
822 759 1007 836 adducendo,
1027 763 1069 826 rel
1089 765 1177 827 etiam
1196 784 1304 828 arcana

137 864 281 947 quaedam
296 862 469 945 evulgando,
484 883 558 945 quae
570 863 717 945 prolanari
729 865 811 927 nelos
822 874 911 927 esset.
937 865 1038 948 ltaque
1053 867 1103 948 qni
1116 870 1153 930 de
1164 869 1304 950 religione

56 981 58 983 ·
136 976 266 1030 veterum
282 975 435 1049 quaerunt,
451 967 519 1030 ibod
534 976 602 1029 ante
613 967 713 1029 omnia
728 967 880 1046 diligenter
889 969 1040 1031 attendere
1052 970 1170 1043 debent,
1186 983 1218 1033 ιιι
1233 990 1303 1054 per·

137 1070 263 1153 spiciam
273 1070 453 1153 planumque
465 1069 581 1140 iaciant,
597 1078 741 1150 quatenus
753 1070 798 1133 illa
810 1071 920 1151 religio,
936 1073 1068 1152 quamvis
1080 1075 1206 1136 essetab
1219 1074 1303 1137 initio

137 1193 204 1237 eum
220 1173 326 1237 tabulis
339 1173 504 1248 coniuncta,
518 1182 657 1236 constare
673 1181 772 1236 tamen
787 1173 876 1236 etiam
892 1175 998 1255 spretis
1015 1175 1118 1238 tabulis
1133 1177 1211 1256 apud
1224 1177 1304 1239 ricus

136 1277 235 1341 bonos
249 1298 284 1343 ac
298 1279 366 1362 pios
381 1277 519 1361 potuerit,
535 1278 662 1359 itemque
677 1276 727 1358 qui
739 1276 801 1338 lieri
813 1275 951 1357 potuerit,
968 1289 1001 1338 ιιι
1011 1277 1099 1339 etiam
1112 1279 1190 1359 apud
1207 1279 1304 1361 impe-

136 1380 225 1456 ritos,
247 1381 296 1463 qui
313 1381 412 1444 minus
428 1380 540 1445 lalmlns
556 1389 742 1463 spernerent,
760 1397 851 1461 quum
869 1378 993 1460 plurima
1014 1379 1043 1441 in
1065 1379 1110 1443 his
1131 1380 1259 1445 absurda
1274 1391 1304 1444 et

136 1485 193 1549 diis
209 1485 363 1566 divinaque
378 1484 530 1549 maiestate
545 1483 663 1565 indigna
679 1483 873 1552 traderentur,
889 1481 961 1543 baec
975 1490 1073 1544 tamen
1089 1485 1305 1560 multominus,

50 1633 52 1636 -
137 1609 227 1671 quom
243 1588 391 1663 crederes,
410 1588 511 1670 pietati
526 1607 561 1650 ac
575 1586 709 1650 moribus
725 1587 886 1647 obicerent
917 1584 992 1648 b'am
1008 1585 1066 1647 hoc
1080 1587 1216 1667 equidem
1233 1590 1305 1651 satis

137 1701 274 1756 constare
290 1691 418 1755 arbitror
432 1691 508 1754 inter
523 1708 644 1765 omnes,
664 1689 714 1772 qui
734 1706 829 1768 aequo
849 1687 948 1749 animo
964 1699 1078 1750 veteres
1094 1690 1222 1752 Graecos
1237 1711 1306 1754 cnm

137 1795 351 1860 recentioribus
366 1795 485 1878 populis
501 1811 675 1875 comparare
691 1791 778 1853 velint
793 1810 827 1853 ac
841 1790 972 1872 possint,
993 1791 1023 1853 in
1044 1801 1124 1855 tama
1145 1793 1306 1858 labtdorum

137 1899 326 1983 perversitate
341 1898 489 1979 tantisque
504 1896 679 1979 opinionum
697 1895 849 1959 erroribus
865 1912 966 1957 mores
982 1906 1080 1959 tamen
1096 1896 1213 1961 illorum
1229 1898 1307 1962 haud

138 2006 198 2068 lere
220 2002 382 2066 deteriores
403 1999 600 2082 subsequam
621 1999 746 2075 horum,
771 1997 836 2081 qui,
857 2016 948 2079 quum
970 1998 1121 2080 puriorem
1143 2001 1307 2065 doctrinam

139 2106 235 2170 verbis
249 2107 467 2190 profiterentur,
481 2111 631 2185 praestare
646 2102 723 2164 hanc
737 2101 954 2183 professionem
966 2101 1022 2162 rita
1037 2113 1066 2165 et
1082 2103 1165 2165 laetis
1176 2114 1227 2167 ant
1237 2123 1307 2168 raro

138 2221 188 2276 aut
208 2227 359 2293 nunquam
379 2215 549 2291 potuerunt.
580 2206 639 2270 Sed
658 2207 730 2269 haec
749 2204 913 2268 accirratins
934 2223 1084 2287 exponere
1105 2207 1161 2270 alio
1183 2211 1309 2271 tortasse

139 2325 274 2400 tempore
285 2312 472 2377 conabimur:
487 2330 567 2374 nuno
577 2311 635 2374 boc
647 2319 759 2374 tantum
772 2308 858 2372 nobis
870 2308 1058 2392 propositum
1071 2321 1126 2384 est,
1141 2321 1183 2384 ut,
1196 2312 1306 2394 quoni·

139 2439 187 2483 aro
202 2418 365 2482 tabidarum
382 2414 578 2479 diversitatem
596 2413 724 2477 maxime
739 2415 859 2476 officere
870 2432 971 2475 earum
988 2415 1151 2478 auctoritati
1169 2414 1307 2478 debuisse

140 2522 281 2597 diximus,
301 2529 410 2603 quanta
424 2521 498 2582 haec
512 2517 600 2581 luerit
613 2517 767 2580 diversitas
783 2535 887 2579 eorum
903 2516 1037 2596 ipsorum
1053 2516 1187 2598 exemplo
1203 2528 1306 2581 osten·

141 2627 260 2699 damus,
281 2642 357 2706 quos
373 2621 541 2684 Herodotus
556 2630 697 2703 tanquam
713 2630 849 2684 auctmes
866 2619 963 2681 omnis
976 2619 1126 2682 fabulosae
1142 2620 1307 2701 theologiae

140 2727 305 2800 coniunxit,
324 2724 445 2789 llomeri
464 2732 493 2785 ct
507 2721 638 2787 llesiodi.
680 2723 754 2785 llarn
774 2722 943 2802 {ennepius
968 2721 997 2782 in
1023 2721 1178 2801 utriusque
1201 2733 1305 2805 poetae
1324 2739 1341 2789 t

64 2889 65 2892 ,
140 2829 360 2912 comparatione
374 2845 559 2909 nequaquam
576 2825 676 2888 omnia
692 2834 742 2888 aut
757 2824 959 2886 animadvertit
973 2832 1023 2884 aut
1034 2834 1230 2905 persequutus
1245 2836 1307 2900 est,

140 2932 190 3014 qui
206 2941 304 2995 autem
325 2929 396 2992 olim
411 2928 514 3009 llepnii
534 2928 648 2990 monitu
669 2926 878 3008 mythologiam
895 2925 1058 2988 seeundum
1074 2937 1210 2989 auctores
1225 2936 1306 2988 aeta-

141 3044 243 3114 tesque
261 3030 427 3094 describere
446 3038 571 3092 conatus
589 3037 649 3102 est,
673 3028 816 3091 blartinus
836 3029 1037 3097 llermannus,
1063 3047 1151 3108 ‹qttam
1173 3028 1307 3108 imperite

140 3154 203 3199 rem
217 3133 343 3214 gesserit
357 3151 446 3195 nemo
462 3131 585 3211 ignorat.
615 3131 791 3211 Nuperrime
808 3131 1015 3193 littrrlrlmrdus
1029 3131 1137 3193 librum
1159 3130 1307 3193 tironibus

142 3239 268 3300 tortasse
287 3254 349 3298 non
370 3234 502 3296 inutilem
523 3231 643 3313 scripsit
662 3233 699 3294 de
717 3233 894 3312 mythologie
911 3232 1030 3294 llomeri
1046 3247 1075 3294 et
1095 3232 1232 3295 llcsiodi:
1253 3233 1307 3295 sed

142 3339 168 3401 is
184 3355 281 3419 neque
295 3336 331 3398 ab
346 3335 497 3398 erroribus
513 3334 585 3397 satis
602 3332 657 3396 sibi
673 3333 759 3407 eavit,
779 3344 808 3396 et
823 3336 1033 3397 accuratiorem
1054 3336 1308 3416 coorparationem

141 3449 170 3501 et
184 3439 396 3520 discrepantiae
407 3437 621 3520 expositionem
633 3435 840 3517 praetermisit,
856 3448 887 3498 ut
899 3437 965 3499 libri
978 3438 1024 3499 sui
1039 3438 1162 3500 consilio
1174 3438 1309 3501 alienam.

141 3542 234 3606 Nobis
255 3552 364 3615 autern,
383 3559 476 3623 quum
497 3539 631 3619 colligere
651 3547 680 3601 et
699 3537 728 3600 in
744 3555 804 3600 uno
825 3549 988 3620 conspeetu
1008 3559 1176 3622 proponere
1195 3552 1309 3603 statue·

142 3647 251 3718 rimus,
267 3664 342 3726 quae
356 3643 483 3706 maxime
498 3642 593 3725 quadis
609 3642 679 3705 haec
693 3643 888 3724 discrepantia
905 3643 944 3704 sit
959 3643 1065 3706 docere
1080 3664 1171 3725 posse
1187 3644 1309 3708 ridean-

143 3760 203 3823 tur,
226 3765 288 3810 non
304 3742 372 3809 illud
387 3765 468 3808 nunc
482 3747 626 3826 agendum
642 3745 710 3819 erit,
729 3755 763 3809 ut
781 3746 923 3827 quidquid
939 3747 976 3808 de
990 3746 1096 3808 divinis
1112 3748 1250 3827 personis
1266 3751 1311 3810 la·

142 3852 279 3933 belisque
294 3849 331 3913 ab
348 3848 438 3912 altero
455 3856 661 3921 memoratum,
677 3847 714 3910 ab
729 3849 819 3911 altero
837 3849 1077 3930 praetermissum
1093 3859 1138 3912 cst
1149 3870 1311 3932 persequa-

142 3973 223 4029 mur,
243 3973 300 4034 qua
320 3953 351 4015 in
370 3970 403 4014 re
422 3969 636 4032 saepenumero
656 3970 758 4014 casum
778 3950 963 4015 dominatum
983 3973 1051 4015 esse
1067 3972 1155 4016 nemo
1175 3954 1311 4035 negabit;

143 4058 196 4120 sed
211 4057 258 4120 illa
274 4065 388 4119 tantum
408 4054 496 4117 nobis
511 4054 692 4136 respicienda
707 4063 808 4129 erunt,
830 4074 905 4135 quae
924 4056 1038 4119 diversa
1058 4057 1095 4119 ab
1115 4068 1242 4138 utroque
1261 4077 1311 4122 ra·

143 4160 224 4222 tione
243 4167 462 4229 memorantur,
487 4165 521 4219 ut
544 4164 682 4237 appareat
705 4156 837 4219 diversas
858 4157 1006 4221 derebus
1025 4157 1130 4221 iisdem
1152 4160 1312 4241 opiniones

143 4259 296 4341 utriusque
311 4260 411 4324 luisse.
433 4259 567 4324 Ceterum
580 4257 741 4321 llesiodum
753 4278 844 4339 quum
856 4259 994 4334 dicimus,
1009 4279 1100 4323 unam
1113 4261 1311 4342 theogeniam,

143 4380 240 4444 neque
254 4370 405 4445 praeterea
420 4361 580 4445 quidquam
595 4380 701 4424 eorum
715 4361 897 4440 carminum,
917 4381 992 4444 quae
1011 4363 1106 4428 eidem
1126 4364 1239 4428 auctori
1257 4362 1312 4428 tri·
