2962 4808
649 457 781 555 „¹3⁴

172 651 261 713 lilium
288 648 411 728 eiusque
435 665 571 708 sororem
597 656 627 709 et
651 647 809 729 coniugem
834 648 1046 711 hrhoriuam
1077 640 1335 733 (uprodorcidol,

171 771 244 832 quae
262 749 426 812 contineret
446 749 510 811 sine
530 748 620 812 eluhio
641 749 809 812 universam
830 750 970 813 arborum
991 761 1141 827 naturam,
1161 752 1191 815 in
1205 753 1335 834 singulas

172 854 298 935 posthac
312 855 424 914 formas·
439 850 591 924 did'usam,
607 871 668 914 non
684 853 800 915 aliunde
816 852 1011 915 f‘lrerenicum
1028 873 1116 934 guam
1132 876 1166 917 ex
1182 875 1237 920 suo
1254 857 1336 938 inge·

174 955 223 1018 nio
239 952 462 1034 deprompsisse
477 971 532 1034 pro
549 964 629 1016 certo
646 954 813 1017 hahendnm
829 963 883 1025 est,
900 974 991 1035 rprrnm
1007 966 1117 1018 referes
1129 958 1276 1041 Dryadum
1289 978 1337 1019 ee-

173 1068 357 1135 terammque
377 1054 580 1135 anpharum
602 1057 744 1136 originem
766 1067 813 1119 aut
835 1057 872 1118 ah
892 1057 1025 1134 Oceano,
1045 1061 1173 1124 dulcium
1193 1081 1338 1144 aquarum

174 1156 328 1240 principio,
347 1157 499 1219 autetiam
515 1178 530 1219 a
546 1157 613 1219 lore
629 1168 802 1241 repeterent
833 1160 941 1221 llernrn
957 1161 1092 1224 Creuzeri
1108 1163 1144 1224 de
1160 1164 1254 1226 hleliis
1268 1183 1339 1227 sen·

174 1259 292 1324 renuam
307 1277 368 1321 non
384 1259 475 1320 modo
491 1259 562 1322 nihil
577 1261 715 1343 praesidii
730 1279 764 1322 ex
781 1259 836 1323 ista
850 1262 1016 1342 genealogia
1031 1264 1170 1337 nancisci,
1187 1266 1238 1327 scd
1251 1283 1340 1346 pror-

174 1383 227 1427 sus
248 1382 309 1426 non
331 1382 421 1444 posse
440 1381 507 1424 eum
529 1384 563 1426 ea
583 1363 732 1427 conciliari
752 1374 883 1446 apparet.
918 1365 1036 1447 Quippe
1057 1385 1118 1429 non
1139 1366 1263 1430 dubium
1284 1375 1340 1441 est,

175 1467 246 1549 quin
260 1466 375 1529 ileliam
391 1485 518 1546 quoque,
534 1467 613 1547 quiid
631 1486 741 1530 nomm
756 1467 834 1550 apud
851 1468 1030 1531 Athenaeum
1047 1488 1109 1532 non
1124 1469 1242 1551 legitur,
1261 1470 1341 1532 eius·

175 1571 241 1632 dem
257 1587 324 1631 cum
336 1568 434 1650 (harpa,
449 1567 568 1642 Baiano,
584 1567 686 1632 Cmuia
703 1570 866 1651 ceterisque
881 1590 955 1651 quas
969 1561 1043 1653 μετ’
1059 1562 1167 1634 e'r'ldtov
1181 1572 1291 1654 Oxplus
1306 1592 1342 1634 ex

177 1670 375 1751 llamadrpade
396 1669 542 1751 genuerit,
562 1670 685 1751 originis
706 1680 737 1733 et
752 1672 901 1752 dignitatis
916 1673 1096 1737 Pheronicus
1112 1694 1179 1737 esse
1194 1675 1343 1748 statueritr

177 1774 255 1857 quod
276 1773 301 1836 si
322 1772 360 1835 ita
380 1780 441 1850 est,
461 1772 636 1853 longissime
651 1793 722 1837 sane
738 1774 829 1837 ahfuit
844 1775 880 1837 ah
895 1775 956 1850 ilfa,
976 1795 1050 1857 qrrae
1065 1777 1210 1840 Creuzero
1226 1777 1343 1858 placuit,

178 1874 403 1956 cosmogonirae
419 1876 604 1939 fecunditatis
620 1876 843 1958 significatione.
854 1912 898 1924 -
909 1879 1009 1959 ltaque
1024 1878 1053 1940 in
1066 1879 1113 1941 his
1125 1879 1253 1961 quidem,
1270 1900 1344 1960 quae

178 1981 275 2044 adhue
289 1978 524 2060 percensuimus,
540 1979 610 2042 nihil
627 1980 773 2043 eiusmodi
788 2000 856 2043 osse
871 1980 1013 2056 ridemus,
1029 2001 1089 2062 quo
1104 1981 1152 2045 iffa
1168 1983 1343 2065 interpreta-

180 2083 219 2146 tio
240 2086 444 2147 confirmetur:
465 2101 521 2145 nec
542 2093 659 2163 praeter
678 2084 749 2147 haec
767 2083 929 2166 quidquam
949 2085 1092 2165 egraecis
1107 2085 1225 2167 quidem
1242 2085 1344 2149 litteris

180 2189 273 2252 arim
289 2185 462 2249 «inertissime
477 2186 595 2249 affatum
612 2197 670 2258 est,
691 2188 744 2250 sed
760 2187 930 2268 ablegamur
943 2190 980 2250 ad
996 2187 1206 2251 Scandinariae
1221 2187 1345 2251 veteris·

117 2319 120 2322 ⁴
180 2311 236 2374 epm
256 2289 429 2353 Gerrrrarriao
450 2289 575 2362 falmlas,
598 2290 628 2353 in
647 2290 755 2372 qrrihus
776 2299 822 2354 est
843 2290 1045 2373 Yggdrasil‚
1066 2290 1195 2353 fraxinus
1218 2288 1345 2373 ingentis

179 2392 405 2480 magnitudinis,
425 2412 482 2474 qna
503 2403 531 2455 et
550 2393 665 2458 coelom
685 2403 715 2457 et
734 2404 809 2458 terra
830 2403 859 2456 et
879 2404 1005 2458 tartarus
1021 2413 1080 2458 una
1095 2395 1298 2469 eontinentur,
1318 2403 1347 2458 et

182 2506 297 2578 praeter
317 2496 393 2558 hanc
414 2496 521 2570 hshr,
541 2497 612 2559 item
629 2497 771 2571 fraxinus,
791 2496 827 2559 ad
843 2496 933 2560 uraris
948 2497 1029 2559 littus
1045 2505 1128 2560 enata
1143 2516 1211 2560 cum
1226 2495 1347 2560 Embla

181 2619 205 2662 s.
221 2598 302 2673 alno,
318 2599 398 2660 unde
412 2618 428 2659 a
444 2597 537 2660 trihus
553 2599 623 2672 diis,
639 2598 763 2673 Othino,
779 2598 888 2660 llnniro
904 2608 934 2659 et
948 2597 1080 2672 hodnro,
1096 2597 1183 2680 primi
1199 2598 1346 2672 homines,

181 2723 198 2763 e
213 2700 325 2764 fraxino
341 2700 400 2774 rir,
416 2720 449 2763 ex
465 2700 532 2763 alno
549 2701 666 2775 mulier,
683 2699 747 2763 faeti
764 2706 848 2762 som·
861 2705 900 2775 ⁵).
930 2702 966 2762 ht
981 2719 1048 2762 cnm
1064 2699 1111 2763 illa
1126 2699 1256 2781 quidem,
1272 2720 1347 2781 «puae

186 2804 333 2888 l'ggdmsif
349 2803 465 2879 dieitur,
481 2804 558 2867 unda
575 2803 604 2866 in
620 2805 800 2868 (haesurum
817 2802 920 2867 fabulis
936 2821 1031 2885 neque
1046 2803 1173 2884 nympha
1188 2821 1284 2885 neque
1298 2823 1347 2866 ar·

186 2909 240 2972 hor
253 2909 313 2972 rdlo
328 2907 419 2970 muido
435 2908 598 2990 comparari
611 2916 719 2990 potest,
734 2908 792 2971 nisi
806 2912 881 2972 forte
892 2905 1067 2989 Pherecydis
1079 2905 1125 2969 illa
1136 2924 1261 2988 quercus
1273 2906 1348 2970 alata

135 3023 162 3077 tt
185 3031 252 3076 curn
278 3010 364 3094 pallio
385 3010 545 3092 variegata,
571 3010 601 3074 in
620 3032 679 3095 (μισ)
700 3022 777 3076 terra
796 3021 858 3076 erat
875 3021 905 3076 et
924 3013 1043 3094 Ogenus
1063 3020 1093 3073 et
1112 3010 1204 3092 Ogeui
1223 3009 1348 3073 domici-

184 3118 235 3182 lia¹
248 3124 291 3197 ll:
315 3117 395 3202 ‹putrd
410 3127 508 3181 autem
520 3118 635 3201 prirmrs
651 3119 694 3181 vir
709 3139 725 3181 e
741 3117 855 3182 fraxino
873 3120 965 3181 factus
981 3136 1048 3180 esse
1064 3113 1184 3190 dicitur,
1199 3123 1262 3177 crat
1278 3132 1350 3176 sane

186 3223 252 3288 huic
268 3223 381 3287 fahulae
396 3242 457 3285 non
473 3221 614 3286 absimilis
630 3223 809 3286 Graecorum
825 3221 1009 3303 quorundam
1026 3218 1143 3302 opinio,
1163 3217 1200 3281 de
1216 3237 1272 3299 qua
1288 3227 1349 3280 sta·

187 3327 237 3389 tim
259 3326 364 3390 dicturi
380 3345 500 3400 sumnrr
518 3327 570 3389 sed
587 3326 662 3388 illam
680 3335 793 3399 tanim,
814 3345 903 3407 quam
919 3325 1079 3388 Creuzerus
1095 3322 1208 3396 statuit,
1228 3340 1349 3384 cosmo-

187 3431 307 3511 gonicae
322 3429 507 3494 fecunditatis
523 3427 769 3511 significationem
784 3428 876 3492 nihilo
889 3426 983 3508 magis
994 3435 1151 3509 propterea
1161 3423 1253 3489 hfeliis
1264 3442 1351 3507 npm·

190 3532 256 3614 phis
272 3533 363 3596 asseri
378 3553 468 3615 posse
483 3532 670 3597 arbitramur.

275 3637 334 3699 fam
346 3647 378 3699 ut
390 3645 520 3698 nostram
533 3636 569 3699 de
581 3635 677 3700 hleliis
692 3633 865 3716 theogoniae
881 3631 1055 3697 seruientium
1070 3630 1261 3713 explicemus,
1278 3649 1350 3712 pro·

191 3737 379 3801 liciscendum
392 3739 506 3801 ridetur
519 3740 556 3801 ah
567 3738 688 3802 adterius
699 3737 838 3802 carminis
851 3736 988 3800 lfesiodei
999 3736 1074 3810 loco,
1089 3734 1166 3816 0pp.
1172 3734 1237 3796 eth.
1246 3752 1271 3794 r.
1284 3732 1352 3805 143,

191 3838 240 3901 uhi
255 3839 364 3919 Iupiter
378 3858 501 3902 aeneum
522 3860 615 3921 genus
630 3841 785 3905 hominum
801 3849 872 3922 post
886 3837 966 3902 attrei
981 3846 1010 3900 et
1026 3835 1154 3917 argentei
1170 3834 1319 3898 interitum
1335 3854 1352 3896 o

192 3939 309 4002 fraxinis
325 3933 378 4017 (ἐκ
392 3937 526 4021 μελιᾶν)
542 3961 714 4024 procreasse
729 3941 844 4014 dicitur,
860 3941 945 4023 plane
960 3949 993 4003 ut
1007 3939 1037 4001 in
1052 3937 1183 4018 Voluspa
1198 3937 1237 4000 dii
1253 3934 1352 3998 homi·

306 4112 315 4118 -
324 4112 337 4118 ..
349 4110 491 4122 .-.ιιι-ι-

265 4212 309 4276 15)
328 4212 386 4264 l'id.
397 4213 420 4263 f.
429 4211 534 4278 uuna,
547 4212 577 4264 l).
588 4213 693 4283 sfytter.
705 4231 729 4283 p.
742 4213 800 4265 tto.
812 4212 871 4265 lli.
884 4211 933 4262 537
946 4211 986 4261 ed.
1000 4209 1024 4261 2.
1037 4217 1064 4261 et
1075 4207 1093 4261 f.
1106 4207 1190 4272 lione,
1203 4203 1294 4258 Germ.
1307 4205 1353 4258 dcc
1449 4250 1452 4254 .

193 4297 370 4351 lleidenthuma
387 4296 420 4347 in
436 4297 516 4348 odedi.
531 4296 592 4349 rur.
603 4297 614 4351 f
626 4315 649 4366 p.
659 4299 717 4351 343.
730 4298 788 4352 347.
813 4296 974 4365 compararit
992 4296 1055 4346 hanc
1068 4293 1145 4346 ctiam
1157 4289 1353 4355 Wackernagel.

192 4381 218 4435 ia
230 4379 330 4449 daupei
343 4380 456 4449 Sylloge,
468 4379 616 4434 zeitschrift
631 4381 648 4435 f.
661 4383 690 4435 u.
704 4384 815 4437 Altorth.
826 4381 859 4436 Vl
871 4397 896 4450 p.
910 4380 949 4433 16.

263 4464 307 4531 ld)
324 4463 463 4534 Pherecpd
476 4463 506 4517 fr.
519 4464 604 4520 Stura.
617 4483 641 4537 p.
651 4467 682 4522 ll
695 4469 735 4521 cd.
750 4468 772 4522 l.
