<?xml version="1.0" encoding="UTF-8"?>
<!DOCTYPE html PUBLIC "-//W3C//DTD XHTML 1.0 Transitional//EN"
    "http://www.w3.org/TR/xhtml1/DTD/xhtml1-transitional.dtd">
<html xmlns="http://www.w3.org/1999/xhtml" xml:lang="en" lang="en">
 <head>
  <title>
</title>
<meta http-equiv="Content-Type" content="text/html;charset=utf-8" />
  <meta name='ocr-system' content='tesseract 3.04.00' />
  <meta name='ocr-capabilities' content='ocr_page ocr_carea ocr_par ocr_line ocrx_word'/>
</head>
<body>
  <div class='ocr_page' id='page_1' title='image "./opusculaacademi03schgoog_0072.png"; bbox 0 0 2962 4808; ppageno 0'>
   <div class='ocr_carea' id='block_1_1' title="bbox 663 373 865 476">
    <p class='ocr_par' dir='ltr' id='par_1_1' title="bbox 663 373 865 476">
     <span class='ocr_line' id='line_1_1' title="bbox 663 373 865 476; baseline 0.02 -4"><span class='ocrx_word' id='word_1_1' title='bbox 663 373 865 476; x_wconf 55' lang='lat' dir='ltr'><strong>„il-</strong></span> 
     </span>
    </p>
   </div>
   <div class='ocr_carea' id='block_1_2' title="bbox 129 566 1478 3971">
    <p class='ocr_par' dir='ltr' id='par_1_2' title="bbox 129 566 1478 3971">
     <span class='ocr_line' id='line_1_2' title="bbox 184 566 1347 654; baseline 0.004 -23"><span class='ocrx_word' id='word_1_2' title='bbox 184 568 257 651; x_wconf 87' lang='lat' dir='ltr'><strong>ipse,</strong></span> <span class='ocrx_word' id='word_1_3' title='bbox 273 566 303 629; x_wconf 90' lang='lat' dir='ltr'><strong>iu</strong></span> <span class='ocrx_word' id='word_1_4' title='bbox 318 566 403 630; x_wconf 88' lang='lat' dir='ltr'><strong>lliade</strong></span> <span class='ocrx_word' id='word_1_5' title='bbox 417 566 600 649; x_wconf 85' lang='lat' dir='ltr'><strong>praesertim,</strong></span> <span class='ocrx_word' id='word_1_6' title='bbox 616 585 802 651; x_wconf 88' lang='lat' dir='ltr'><strong>nequaquam</strong></span> <span class='ocrx_word' id='word_1_7' title='bbox 817 587 936 634; x_wconf 88' lang='lat' dir='ltr'><strong>morum</strong></span> <span class='ocrx_word' id='word_1_8' title='bbox 950 567 1081 635; x_wconf 86' lang='lat' dir='ltr'><strong>bonitate</strong></span> <span class='ocrx_word' id='word_1_9' title='bbox 1096 571 1220 654; x_wconf 75' lang='lat' dir='ltr'><strong>insignis</strong></span> <span class='ocrx_word' id='word_1_10' title='bbox 1236 579 1291 648; x_wconf 86' lang='lat' dir='ltr'><strong>est,</strong></span> <span class='ocrx_word' id='word_1_11' title='bbox 1307 569 1347 636; x_wconf 90' lang='lat' dir='ltr'><strong>ita</strong></span> 
     </span>
     <span class='ocr_line' id='line_1_3' title="bbox 184 671 1349 759; baseline 0.003 -24"><span class='ocrx_word' id='word_1_12' title='bbox 184 672 270 736; x_wconf 85' lang='lat' dir='ltr'><strong>etiam</strong></span> <span class='ocrx_word' id='word_1_13' title='bbox 286 671 393 733; x_wconf 86' lang='lat' dir='ltr'><strong>liberos</strong></span> <span class='ocrx_word' id='word_1_14' title='bbox 412 689 473 734; x_wconf 91' lang='lat' dir='ltr'><strong>non</strong></span> <span class='ocrx_word' id='word_1_15' title='bbox 489 690 593 735; x_wconf 84' lang='lat' dir='ltr'><strong>ournes</strong></span> <span class='ocrx_word' id='word_1_16' title='bbox 608 671 706 736; x_wconf 89' lang='lat' dir='ltr'><strong>bonos</strong></span> <span class='ocrx_word' id='word_1_17' title='bbox 721 673 892 756; x_wconf 76' lang='lat' dir='ltr'><strong>probosque</strong></span> <span class='ocrx_word' id='word_1_18' title='bbox 906 673 1009 746; x_wconf 68' lang='lat' dir='ltr'><strong>babet,</strong></span> <span class='ocrx_word' id='word_1_19' title='bbox 1031 673 1105 738; x_wconf 79' lang='lat' dir='ltr'><strong>Nam</strong></span> <span class='ocrx_word' id='word_1_20' title='bbox 1119 675 1254 750; x_wconf 82' lang='lat' dir='ltr'><strong>Eridem.</strong></span> <span class='ocrx_word' id='word_1_21' title='bbox 1275 695 1349 759; x_wconf 84' lang='lat' dir='ltr'><strong>quae</strong></span> 
     </span>
     <span class='ocr_line' id='line_1_4' title="bbox 183 774 1349 863; baseline 0.002 -22"><span class='ocrx_word' id='word_1_22' title='bbox 183 774 283 842; x_wconf 83' lang='lat' dir='ltr'><strong>ttauis</strong></span> <span class='ocrx_word' id='word_1_23' title='bbox 298 793 436 855; x_wconf 77' lang='lat' dir='ltr'><strong>gentiana</strong></span> <span class='ocrx_word' id='word_1_24' title='bbox 451 774 571 851; x_wconf 87' lang='lat' dir='ltr'><strong>dieitur,</strong></span> <span class='ocrx_word' id='word_1_25' title='bbox 587 775 617 840; x_wconf 94' lang='grc' dir='ltr'><strong>ΙΙ.</strong></span> <span class='ocrx_word' id='word_1_26' title='bbox 630 775 706 852; x_wconf 85' lang='lat' dir='ltr'><strong>llll,</strong></span> <span class='ocrx_word' id='word_1_27' title='bbox 721 778 798 853; x_wconf 76' lang='lat' dir='ltr'><strong>dil,</strong></span> <span class='ocrx_word' id='word_1_28' title='bbox 812 776 889 840; x_wconf 86' lang='lat' dir='ltr'><strong>loris</strong></span> <span class='ocrx_word' id='word_1_29' title='bbox 905 777 993 841; x_wconf 89' lang='lat' dir='ltr'><strong>liliam</strong></span> <span class='ocrx_word' id='word_1_30' title='bbox 1007 797 1075 841; x_wconf 87' lang='lat' dir='ltr'><strong>esse</strong></span> <span class='ocrx_word' id='word_1_31' title='bbox 1088 791 1224 863; x_wconf 88' lang='lat' dir='ltr'><strong>apparet,</strong></span> <span class='ocrx_word' id='word_1_32' title='bbox 1244 789 1271 845; x_wconf 88' lang='lat' dir='ltr'><strong>ot</strong></span> <span class='ocrx_word' id='word_1_33' title='bbox 1282 781 1349 861; x_wconf 19' lang='lat' dir='ltr'><strong>*Ata</strong></span> 
     </span>
     <span class='ocr_line' id='line_1_5' title="bbox 183 873 1349 965; baseline 0.004 -21"><span class='ocrx_word' id='word_1_34' title='bbox 183 880 316 944; x_wconf 85' lang='lat' dir='ltr'><strong>eiusdem</strong></span> <span class='ocrx_word' id='word_1_35' title='bbox 329 880 384 944; x_wconf 90' lang='lat' dir='ltr'><strong>lilia</strong></span> <span class='ocrx_word' id='word_1_36' title='bbox 396 889 516 944; x_wconf 81' lang='lat' dir='ltr'><strong>roratur</strong></span> <span class='ocrx_word' id='word_1_37' title='bbox 527 880 557 943; x_wconf 92' lang='lat' dir='ltr'><strong>ll.</strong></span> <span class='ocrx_word' id='word_1_38' title='bbox 570 880 644 957; x_wconf 77' lang='grc' dir='ltr'>ΧΙΧ,</span> <span class='ocrx_word' id='word_1_39' title='bbox 659 882 710 949; x_wconf 84' lang='grc'><strong>91.</strong></span> <span class='ocrx_word' id='word_1_40' title='bbox 720 882 831 964; x_wconf 88' lang='lat' dir='ltr'><strong>pariter</strong></span> <span class='ocrx_word' id='word_1_41' title='bbox 842 900 910 946; x_wconf 87' lang='lat' dir='ltr'><strong>eum</strong></span> <span class='ocrx_word' id='word_1_42' title='bbox 922 873 1060 962; x_wconf 78' lang='grc' dir='ltr'>Λίταις,</span> <span class='ocrx_word' id='word_1_43' title='bbox 1076 902 1151 965; x_wconf 89' lang='lat' dir='ltr'><strong>quae</strong></span> <span class='ocrx_word' id='word_1_44' title='bbox 1163 885 1236 949; x_wconf 74' lang='lat' dir='ltr'><strong>mab</strong></span> <span class='ocrx_word' id='word_1_45' title='bbox 1248 885 1284 948; x_wconf 90' lang='lat' dir='ltr'><strong>ab</strong></span> <span class='ocrx_word' id='word_1_46' title='bbox 1295 886 1349 949; x_wconf 86' lang='lat' dir='ltr'><strong>llto</strong></span> 
     </span>
     <span class='ocr_line' id='line_1_6' title="bbox 184 985 1350 1071; baseline 0.004 -23"><span class='ocrx_word' id='word_1_47' title='bbox 184 985 343 1048; x_wconf 83' lang='lat' dir='ltr'><strong>commissa</strong></span> <span class='ocrx_word' id='word_1_48' title='bbox 359 985 465 1047; x_wconf 75' lang='lat' dir='ltr'><strong>sarcire</strong></span> <span class='ocrx_word' id='word_1_49' title='bbox 481 994 638 1058; x_wconf 81' lang='lat' dir='ltr'><strong>conantur.</strong></span> <span class='ocrx_word' id='word_1_50' title='bbox 654 986 686 1049; x_wconf 91' lang='lat' dir='ltr'><strong>ll.</strong></span> <span class='ocrx_word' id='word_1_51' title='bbox 698 986 753 1061; x_wconf 83' lang='lat' dir='ltr'><strong>tx,</strong></span> <span class='ocrx_word' id='word_1_52' title='bbox 769 987 841 1051; x_wconf 82' lang='lat'><strong>502.</strong></span> <span class='ocrx_word' id='word_1_53' title='bbox 872 986 930 1049; x_wconf 86' lang='lat' dir='ltr'><strong>Sed</strong></span> <span class='ocrx_word' id='word_1_54' title='bbox 946 986 1022 1049; x_wconf 92' lang='lat' dir='ltr'><strong>illam</strong></span> <span class='ocrx_word' id='word_1_55' title='bbox 1038 987 1162 1069; x_wconf 74' lang='lat' dir='ltr'><strong>lupinar,</strong></span> <span class='ocrx_word' id='word_1_56' title='bbox 1177 1008 1269 1070; x_wconf 91' lang='lat' dir='ltr'><strong>quum</strong></span> <span class='ocrx_word' id='word_1_57' title='bbox 1284 989 1350 1071; x_wconf 87' lang='lat' dir='ltr'><strong>ipse</strong></span> 
     </span>
     <span class='ocr_line' id='line_1_7' title="bbox 183 1087 1351 1175; baseline 0.002 -23"><span class='ocrx_word' id='word_1_58' title='bbox 183 1088 338 1170; x_wconf 88' lang='lat' dir='ltr'><strong>aliquando</strong></span> <span class='ocrx_word' id='word_1_59' title='bbox 354 1087 384 1150; x_wconf 91' lang='lat' dir='ltr'><strong>iu</strong></span> <span class='ocrx_word' id='word_1_60' title='bbox 400 1087 530 1151; x_wconf 86' lang='lat' dir='ltr'><strong>lratrdem</strong></span> <span class='ocrx_word' id='word_1_61' title='bbox 550 1087 587 1151; x_wconf 91' lang='lat' dir='ltr'><strong>ab</strong></span> <span class='ocrx_word' id='word_1_62' title='bbox 602 1108 636 1151; x_wconf 87' lang='lat' dir='ltr'><strong>ea</strong></span> <span class='ocrx_word' id='word_1_63' title='bbox 655 1089 791 1153; x_wconf 84' lang='lat' dir='ltr'><strong>inductus</strong></span> <span class='ocrx_word' id='word_1_64' title='bbox 806 1101 899 1167; x_wconf 89' lang='lat' dir='ltr'><strong>esset,</strong></span> <span class='ocrx_word' id='word_1_65' title='bbox 918 1090 1051 1154; x_wconf 72' lang='lat' dir='ltr'><strong>exturbat</strong></span> <span class='ocrx_word' id='word_1_66' title='bbox 1065 1092 1191 1174; x_wconf 70' lang='lat' dir='ltr'><strong>Olympo</strong></span> <span class='ocrx_word' id='word_1_67' title='bbox 1207 1102 1351 1175; x_wconf 88' lang='lat' dir='ltr'><strong>coetuque</strong></span> 
     </span>
     <span class='ocr_line' id='line_1_8' title="bbox 184 1190 1351 1272; baseline 0.004 -18"><span class='ocrx_word' id='word_1_68' title='bbox 184 1193 307 1254; x_wconf 90' lang='lat' dir='ltr'><strong>deorum</strong></span> <span class='ocrx_word' id='word_1_69' title='bbox 323 1190 353 1254; x_wconf 91' lang='lat' dir='ltr'><strong>in</strong></span> <span class='ocrx_word' id='word_1_70' title='bbox 369 1199 544 1272; x_wconf 89' lang='lat' dir='ltr'><strong>perpetuum</strong></span> <span class='ocrx_word' id='word_1_71' title='bbox 560 1191 719 1266; x_wconf 83' lang='lat' dir='ltr'><strong>interdicit,</strong></span> <span class='ocrx_word' id='word_1_72' title='bbox 734 1193 765 1256; x_wconf 93' lang='lat' dir='ltr'><strong>ll.</strong></span> <span class='ocrx_word' id='word_1_73' title='bbox 781 1193 861 1269; x_wconf 79' lang='lat' dir='ltr'><strong>xlx,</strong></span> <span class='ocrx_word' id='word_1_74' title='bbox 881 1193 955 1268; x_wconf 75' lang='lat'><strong>1283</strong></span> <span class='ocrx_word' id='word_1_75' title='bbox 975 1194 1060 1258; x_wconf 86' lang='lat' dir='ltr'><strong>euius</strong></span> <span class='ocrx_word' id='word_1_76' title='bbox 1077 1195 1190 1259; x_wconf 87' lang='lat' dir='ltr'><strong>labulae</strong></span> <span class='ocrx_word' id='word_1_77' title='bbox 1206 1197 1351 1260; x_wconf 86' lang='lat' dir='ltr'><strong>sententia</strong></span> 
     </span>
     <span class='ocr_line' id='line_1_9' title="bbox 183 1295 1352 1382; baseline 0.005 -24"><span class='ocrx_word' id='word_1_78' title='bbox 183 1295 329 1372; x_wconf 79' lang='lat' dir='ltr'><strong>homost,</strong></span> <span class='ocrx_word' id='word_1_79' title='bbox 349 1304 381 1358; x_wconf 92' lang='lat' dir='ltr'><strong>ut</strong></span> <span class='ocrx_word' id='word_1_80' title='bbox 396 1295 496 1358; x_wconf 91' lang='lat' dir='ltr'><strong>lorem</strong></span> <span class='ocrx_word' id='word_1_81' title='bbox 511 1296 609 1379; x_wconf 88' lang='lat' dir='ltr'><strong>ipsum</strong></span> <span class='ocrx_word' id='word_1_82' title='bbox 625 1297 735 1362; x_wconf 89' lang='lat' dir='ltr'><strong>erroris</strong></span> <span class='ocrx_word' id='word_1_83' title='bbox 749 1308 779 1363; x_wconf 93' lang='lat' dir='ltr'><strong>et</strong></span> <span class='ocrx_word' id='word_1_84' title='bbox 793 1297 932 1380; x_wconf 77' lang='lat' dir='ltr'><strong>peccandi</strong></span> <span class='ocrx_word' id='word_1_85' title='bbox 951 1316 1013 1361; x_wconf 92' lang='lat' dir='ltr'><strong>nou</strong></span> <span class='ocrx_word' id='word_1_86' title='bbox 1035 1299 1118 1362; x_wconf 86' lang='lat' dir='ltr'><strong>orrrui</strong></span> <span class='ocrx_word' id='word_1_87' title='bbox 1138 1309 1273 1382; x_wconf 87' lang='lat' dir='ltr'><strong>tempore</strong></span> <span class='ocrx_word' id='word_1_88' title='bbox 1293 1299 1352 1364; x_wconf 88' lang='lat' dir='ltr'><strong>im-</strong></span> 
     </span>
     <span class='ocr_line' id='line_1_10' title="bbox 184 1399 1352 1487; baseline 0.001 -22"><span class='ocrx_word' id='word_1_89' title='bbox 184 1420 306 1465; x_wconf 89' lang='lat' dir='ltr'><strong>munem</strong></span> <span class='ocrx_word' id='word_1_90' title='bbox 332 1399 436 1475; x_wconf 81' lang='lat' dir='ltr'><strong>luisse,</strong></span> <span class='ocrx_word' id='word_1_91' title='bbox 462 1400 514 1462; x_wconf 89' lang='lat' dir='ltr'><strong>sed</strong></span> <span class='ocrx_word' id='word_1_92' title='bbox 535 1400 744 1482; x_wconf 75' lang='lat' dir='ltr'><strong>sapientiorem</strong></span> <span class='ocrx_word' id='word_1_93' title='bbox 770 1403 878 1465; x_wconf 88' lang='lat' dir='ltr'><strong>lactum</strong></span> <span class='ocrx_word' id='word_1_94' title='bbox 904 1421 970 1465; x_wconf 85' lang='lat' dir='ltr'><strong>eese</strong></span> <span class='ocrx_word' id='word_1_95' title='bbox 992 1403 1149 1484; x_wconf 81' lang='lat' dir='ltr'><strong>significet,</strong></span> <span class='ocrx_word' id='word_1_96' title='bbox 1175 1404 1352 1487; x_wconf 78' lang='lat' dir='ltr'><strong>experientia</strong></span> 
     </span>
     <span class='ocr_line' id='line_1_11' title="bbox 184 1503 1353 1588; baseline 0.002 -19"><span class='ocrx_word' id='word_1_97' title='bbox 184 1507 332 1569; x_wconf 82' lang='lat' dir='ltr'><strong>edoctum.</strong></span> <span class='ocrx_word' id='word_1_98' title='bbox 366 1504 403 1568; x_wconf 79' lang='lat' dir='ltr'><strong>Et</strong></span> <span class='ocrx_word' id='word_1_99' title='bbox 422 1503 554 1567; x_wconf 87' lang='lat' dir='ltr'><strong>eiusdem</strong></span> <span class='ocrx_word' id='word_1_100' title='bbox 575 1505 725 1586; x_wconf 83' lang='lat' dir='ltr'><strong>opinionis</strong></span> <span class='ocrx_word' id='word_1_101' title='bbox 745 1506 781 1569; x_wconf 94' lang='lat' dir='ltr'><strong>de</strong></span> <span class='ocrx_word' id='word_1_102' title='bbox 800 1506 868 1569; x_wconf 89' lang='lat' dir='ltr'><strong>lore</strong></span> <span class='ocrx_word' id='word_1_103' title='bbox 887 1507 1037 1588; x_wconf 70' lang='lat' dir='ltr'><strong>paullatim</strong></span> <span class='ocrx_word' id='word_1_104' title='bbox 1058 1508 1178 1572; x_wconf 91' lang='lat' dir='ltr'><strong>demum</strong></span> <span class='ocrx_word' id='word_1_105' title='bbox 1198 1509 1306 1573; x_wconf 77' lang='lat' dir='ltr'><strong>virtute</strong></span> <span class='ocrx_word' id='word_1_106' title='bbox 1324 1516 1353 1572; x_wconf 90' lang='lat' dir='ltr'><strong>et</strong></span> 
     </span>
     <span class='ocr_line' id='line_1_12' title="bbox 129 1607 1352 1695; baseline 0 -20"><span class='ocrx_word' id='word_1_107' title='bbox 129 1620 167 1675; x_wconf 76' lang='lat'><strong>28</strong></span> <span class='ocrx_word' id='word_1_108' title='bbox 188 1607 330 1692; x_wconf 83' lang='lat' dir='ltr'><strong>sapientia</strong></span> <span class='ocrx_word' id='word_1_109' title='bbox 347 1617 433 1671; x_wconf 90' lang='lat' dir='ltr'><strong>auctu</strong></span> <span class='ocrx_word' id='word_1_110' title='bbox 454 1607 540 1670; x_wconf 89' lang='lat' dir='ltr'><strong>etiam</strong></span> <span class='ocrx_word' id='word_1_111' title='bbox 557 1608 611 1671; x_wconf 90' lang='lat' dir='ltr'><strong>alia</strong></span> <span class='ocrx_word' id='word_1_112' title='bbox 631 1610 772 1691; x_wconf 80' lang='lat' dir='ltr'><strong>‹prraedam</strong></span> <span class='ocrx_word' id='word_1_113' title='bbox 793 1609 941 1674; x_wconf 78' lang='lat' dir='ltr'><strong>iudiciuin</strong></span> <span class='ocrx_word' id='word_1_114' title='bbox 959 1609 1062 1673; x_wconf 88' lang='lat' dir='ltr'><strong>labulis</strong></span> <span class='ocrx_word' id='word_1_115' title='bbox 1076 1621 1174 1676; x_wconf 82' lang='lat' dir='ltr'><strong>extare</strong></span> <span class='ocrx_word' id='word_1_116' title='bbox 1188 1613 1276 1695; x_wconf 89' lang='lat' dir='ltr'><strong>periti</strong></span> <span class='ocrx_word' id='word_1_117' title='bbox 1290 1630 1352 1676; x_wconf 91' lang='lat' dir='ltr'><strong>non</strong></span> 
     </span>
     <span class='ocr_line' id='line_1_13' title="bbox 186 1710 1353 1802; baseline 0.003 -26"><span class='ocrx_word' id='word_1_118' title='bbox 186 1713 338 1794; x_wconf 75' lang='lat' dir='ltr'><strong>ignorant:</strong></span> <span class='ocrx_word' id='word_1_119' title='bbox 359 1732 419 1794; x_wconf 92' lang='lat' dir='ltr'><strong>quo</strong></span> <span class='ocrx_word' id='word_1_120' title='bbox 439 1710 564 1794; x_wconf 87' lang='lat' dir='ltr'><strong>pertinet</strong></span> <span class='ocrx_word' id='word_1_121' title='bbox 582 1713 660 1802; x_wconf 90' lang='lat' dir='ltr'><strong>apud</strong></span> <span class='ocrx_word' id='word_1_122' title='bbox 676 1712 838 1776; x_wconf 82' lang='lat' dir='ltr'><strong>Homerum</strong></span> <span class='ocrx_word' id='word_1_123' title='bbox 857 1713 986 1777; x_wconf 82' lang='lat' dir='ltr'><strong>namatio</strong></span> <span class='ocrx_word' id='word_1_124' title='bbox 1003 1712 1040 1775; x_wconf 94' lang='lat' dir='ltr'><strong>de</strong></span> <span class='ocrx_word' id='word_1_125' title='bbox 1059 1714 1184 1792; x_wconf 88' lang='lat' dir='ltr'><strong>lunone,</strong></span> <span class='ocrx_word' id='word_1_126' title='bbox 1204 1715 1353 1798; x_wconf 82' lang='lat' dir='ltr'><strong>Neptuno,</strong></span> 
     </span>
     <span class='ocr_line' id='line_1_14' title="bbox 186 1815 1351 1903; baseline 0.002 -21"><span class='ocrx_word' id='word_1_127' title='bbox 186 1817 314 1882; x_wconf 85' lang='lat' dir='ltr'><strong>bliuerra</strong></span> <span class='ocrx_word' id='word_1_128' title='bbox 329 1815 436 1879; x_wconf 86' lang='lat' dir='ltr'><strong>rineire</strong></span> <span class='ocrx_word' id='word_1_129' title='bbox 450 1815 547 1878; x_wconf 87' lang='lat' dir='ltr'><strong>lurem</strong></span> <span class='ocrx_word' id='word_1_130' title='bbox 564 1815 737 1892; x_wconf 84' lang='lat' dir='ltr'><strong>coniuratis,</strong></span> <span class='ocrx_word' id='word_1_131' title='bbox 751 1816 783 1879; x_wconf 89' lang='lat' dir='ltr'><strong>ll.</strong></span> <span class='ocrx_word' id='word_1_132' title='bbox 799 1816 821 1891; x_wconf 79' lang='lat' dir='ltr'><strong>l,</strong></span> <span class='ocrx_word' id='word_1_133' title='bbox 838 1816 900 1879; x_wconf 85' lang='grc'><strong>399</strong></span> <span class='ocrx_word' id='word_1_134' title='bbox 916 1835 993 1898; x_wconf 83' lang='lat' dir='ltr'><strong>sqq,</strong></span> <span class='ocrx_word' id='word_1_135' title='bbox 1008 1815 1163 1897; x_wconf 85' lang='lat' dir='ltr'><strong>siquidem,</strong></span> <span class='ocrx_word' id='word_1_136' title='bbox 1179 1828 1212 1882; x_wconf 91' lang='lat' dir='ltr'><strong>ut</strong></span> <span class='ocrx_word' id='word_1_137' title='bbox 1225 1821 1262 1883; x_wconf 91' lang='lat' dir='ltr'><strong>ad</strong></span> <span class='ocrx_word' id='word_1_138' title='bbox 1278 1838 1351 1903; x_wconf 87' lang='lat' dir='ltr'><strong>sup·</strong></span> 
     </span>
     <span class='ocr_line' id='line_1_15' title="bbox 187 1918 1350 2005; baseline 0.003 -23"><span class='ocrx_word' id='word_1_139' title='bbox 187 1921 325 2005; x_wconf 90' lang='lat' dir='ltr'><strong>plendam</strong></span> <span class='ocrx_word' id='word_1_140' title='bbox 350 1921 427 1984; x_wconf 88' lang='lat' dir='ltr'><strong>bane</strong></span> <span class='ocrx_word' id='word_1_141' title='bbox 446 1919 643 1983; x_wconf 88' lang='lat' dir='ltr'><strong>narrationem</strong></span> <span class='ocrx_word' id='word_1_142' title='bbox 664 1919 846 2001; x_wconf 76' lang='lat' dir='ltr'><strong>gnrnrmatici</strong></span> <span class='ocrx_word' id='word_1_143' title='bbox 865 1920 986 1993; x_wconf 78' lang='lat' dir='ltr'><strong>demut,</strong></span> <span class='ocrx_word' id='word_1_144' title='bbox 1012 1918 1149 1999; x_wconf 88' lang='lat' dir='ltr'><strong>antiquos</strong></span> <span class='ocrx_word' id='word_1_145' title='bbox 1176 1921 1240 1985; x_wconf 90' lang='lat' dir='ltr'><strong>sine</strong></span> <span class='ocrx_word' id='word_1_146' title='bbox 1259 1922 1350 1986; x_wconf 91' lang='lat' dir='ltr'><strong>dubio</strong></span> 
     </span>
     <span class='ocr_line' id='line_1_16' title="bbox 188 2021 1350 2106; baseline 0.002 -18"><span class='ocrx_word' id='word_1_147' title='bbox 188 2035 324 2089; x_wconf 88' lang='lat' dir='ltr'><strong>auctores</strong></span> <span class='ocrx_word' id='word_1_148' title='bbox 339 2023 467 2104; x_wconf 89' lang='lat' dir='ltr'><strong>sequuti,</strong></span> <span class='ocrx_word' id='word_1_149' title='bbox 482 2021 649 2105; x_wconf 90' lang='lat' dir='ltr'><strong>superbiam</strong></span> <span class='ocrx_word' id='word_1_150' title='bbox 664 2022 727 2084; x_wconf 92' lang='lat' dir='ltr'><strong>eius</strong></span> <span class='ocrx_word' id='word_1_151' title='bbox 742 2033 771 2086; x_wconf 92' lang='lat' dir='ltr'><strong>et</strong></span> <span class='ocrx_word' id='word_1_152' title='bbox 785 2024 855 2086; x_wconf 87' lang='lat' dir='ltr'><strong>nori</strong></span> <span class='ocrx_word' id='word_1_153' title='bbox 875 2022 989 2105; x_wconf 90' lang='lat' dir='ltr'><strong>imperii</strong></span> <span class='ocrx_word' id='word_1_154' title='bbox 1009 2021 1195 2086; x_wconf 84' lang='lat' dir='ltr'><strong>insolentiam</strong></span> <span class='ocrx_word' id='word_1_155' title='bbox 1215 2023 1350 2106; x_wconf 80' lang='lat' dir='ltr'><strong>indigua·</strong></span> 
     </span>
     <span class='ocr_line' id='line_1_17' title="bbox 189 2124 1474 2209; baseline 0 -17"><span class='ocrx_word' id='word_1_156' title='bbox 189 2128 305 2192; x_wconf 86' lang='lat' dir='ltr'><strong>bantur.</strong></span> <span class='ocrx_word' id='word_1_157' title='bbox 335 2127 469 2189; x_wconf 81' lang='lat' dir='ltr'><strong>Ceterum</strong></span> <span class='ocrx_word' id='word_1_158' title='bbox 484 2124 529 2187; x_wconf 81' lang='lat' dir='ltr'><strong>vix</strong></span> <span class='ocrx_word' id='word_1_159' title='bbox 545 2143 622 2206; x_wconf 88' lang='lat' dir='ltr'><strong>opus</strong></span> <span class='ocrx_word' id='word_1_160' title='bbox 633 2134 678 2189; x_wconf 84' lang='lat' dir='ltr'><strong>est</strong></span> <span class='ocrx_word' id='word_1_161' title='bbox 688 2144 819 2201; x_wconf 75' lang='lat' dir='ltr'><strong>mernere,</strong></span> <span class='ocrx_word' id='word_1_162' title='bbox 835 2145 872 2189; x_wconf 92' lang='lat' dir='ltr'><strong>ne</strong></span> <span class='ocrx_word' id='word_1_163' title='bbox 887 2125 953 2209; x_wconf 89' lang='lat' dir='ltr'><strong>quis</strong></span> <span class='ocrx_word' id='word_1_164' title='bbox 968 2125 1138 2189; x_wconf 89' lang='lat' dir='ltr'><strong>huiusmodi</strong></span> <span class='ocrx_word' id='word_1_165' title='bbox 1153 2125 1263 2190; x_wconf 88' lang='lat' dir='ltr'><strong>labellis</strong></span> <span class='ocrx_word' id='word_1_166' title='bbox 1277 2128 1351 2192; x_wconf 94' lang='lat' dir='ltr'><strong>abu·</strong></span> <span class='ocrx_word' id='word_1_167' title='bbox 1472 2196 1474 2200; x_wconf 20' lang='lat'><em>⁴</em></span> 
     </span>
     <span class='ocr_line' id='line_1_18' title="bbox 191 2227 1353 2310; baseline 0 -16"><span class='ocrx_word' id='word_1_168' title='bbox 191 2240 269 2295; x_wconf 88' lang='lat' dir='ltr'><strong>tatur</strong></span> <span class='ocrx_word' id='word_1_169' title='bbox 282 2231 319 2294; x_wconf 91' lang='lat' dir='ltr'><strong>ad</strong></span> <span class='ocrx_word' id='word_1_170' title='bbox 334 2228 505 2310; x_wconf 62' lang='lat' dir='ltr'><strong>alesrbpleae</strong></span> <span class='ocrx_word' id='word_1_171' title='bbox 519 2227 687 2291; x_wconf 74' lang='lat' dir='ltr'><strong>l&#39;rrrmetbei</strong></span> <span class='ocrx_word' id='word_1_172' title='bbox 702 2228 983 2310; x_wconf 84' lang='lat' dir='ltr'><strong>interpretationem.</strong></span> <span class='ocrx_word' id='word_1_173' title='bbox 1013 2228 1088 2292; x_wconf 78' lang='lat' dir='ltr'><strong>Nam</strong></span> <span class='ocrx_word' id='word_1_174' title='bbox 1103 2229 1353 2310; x_wconf 82' lang='lat' dir='ltr'><strong>quemadmodum</strong></span> 
     </span>
     <span class='ocr_line' id='line_1_19' title="bbox 191 2330 1354 2416; baseline -0.002 -17"><span class='ocrx_word' id='word_1_175' title='bbox 191 2335 222 2399; x_wconf 91' lang='lat' dir='ltr'><strong>in</strong></span> <span class='ocrx_word' id='word_1_176' title='bbox 237 2333 340 2398; x_wconf 86' lang='lat' dir='ltr'><strong>ceteris</strong></span> <span class='ocrx_word' id='word_1_177' title='bbox 355 2330 511 2413; x_wconf 76' lang='lat' dir='ltr'><strong>tragoediis</strong></span> <span class='ocrx_word' id='word_1_178' title='bbox 527 2331 636 2395; x_wconf 83' lang='lat' dir='ltr'><strong>eunrrui</strong></span> <span class='ocrx_word' id='word_1_179' title='bbox 648 2330 736 2395; x_wconf 84' lang='lat' dir='ltr'><strong>buius</strong></span> <span class='ocrx_word' id='word_1_180' title='bbox 750 2332 878 2396; x_wconf 86' lang='lat' dir='ltr'><strong>etunius</strong></span> <span class='ocrx_word' id='word_1_181' title='bbox 891 2332 1025 2396; x_wconf 79' lang='lat' dir='ltr'><strong>eternium</strong></span> <span class='ocrx_word' id='word_1_182' title='bbox 1037 2331 1222 2395; x_wconf 89' lang='lat' dir='ltr'><strong>ethnicorum</strong></span> <span class='ocrx_word' id='word_1_183' title='bbox 1234 2333 1354 2416; x_wconf 90' lang='lat' dir='ltr'><strong>sapien·</strong></span> 
     </span>
     <span class='ocr_line' id='line_1_20' title="bbox 190 2434 1355 2520; baseline -0.002 -17"><span class='ocrx_word' id='word_1_184' title='bbox 190 2438 296 2504; x_wconf 82' lang='lat' dir='ltr'><strong>tissimi</strong></span> <span class='ocrx_word' id='word_1_185' title='bbox 312 2446 417 2520; x_wconf 85' lang='lat' dir='ltr'><strong>poetae</strong></span> <span class='ocrx_word' id='word_1_186' title='bbox 432 2434 540 2498; x_wconf 90' lang='lat' dir='ltr'><strong>nullam</strong></span> <span class='ocrx_word' id='word_1_187' title='bbox 556 2443 615 2497; x_wconf 86' lang='lat' dir='ltr'><strong>taur</strong></span> <span class='ocrx_word' id='word_1_188' title='bbox 632 2434 760 2499; x_wconf 85' lang='lat' dir='ltr'><strong>lubricae</strong></span> <span class='ocrx_word' id='word_1_189' title='bbox 774 2437 935 2500; x_wconf 86' lang='lat' dir='ltr'><strong>sententiae</strong></span> <span class='ocrx_word' id='word_1_190' title='bbox 950 2437 1089 2500; x_wconf 83' lang='lat' dir='ltr'><strong>iudicium</strong></span> <span class='ocrx_word' id='word_1_191' title='bbox 1104 2446 1240 2518; x_wconf 85' lang='lat' dir='ltr'><strong>apparet,</strong></span> <span class='ocrx_word' id='word_1_192' title='bbox 1260 2437 1298 2500; x_wconf 93' lang='lat' dir='ltr'><strong>ita</strong></span> <span class='ocrx_word' id='word_1_193' title='bbox 1317 2457 1355 2502; x_wconf 94' lang='lat' dir='ltr'><strong>ue</strong></span> 
     </span>
     <span class='ocr_line' id='line_1_21' title="bbox 190 2537 1353 2620; baseline -0.001 -15"><span class='ocrx_word' id='word_1_194' title='bbox 190 2543 220 2605; x_wconf 92' lang='lat' dir='ltr'><strong>iu</strong></span> <span class='ocrx_word' id='word_1_195' title='bbox 235 2540 402 2604; x_wconf 83' lang='lat' dir='ltr'><strong>l‘rornetbei</strong></span> <span class='ocrx_word' id='word_1_196' title='bbox 418 2538 536 2620; x_wconf 88' lang='lat' dir='ltr'><strong>quidem</strong></span> <span class='ocrx_word' id='word_1_197' title='bbox 553 2537 770 2620; x_wconf 86' lang='lat' dir='ltr'><strong>corapositioue</strong></span> <span class='ocrx_word' id='word_1_198' title='bbox 785 2539 944 2620; x_wconf 83' lang='lat' dir='ltr'><strong>quidquam</strong></span> <span class='ocrx_word' id='word_1_199' title='bbox 960 2539 1046 2614; x_wconf 86' lang='lat' dir='ltr'><strong>inest,</strong></span> <span class='ocrx_word' id='word_1_200' title='bbox 1061 2539 1141 2620; x_wconf 90' lang='lat' dir='ltr'><strong>quod</strong></span> <span class='ocrx_word' id='word_1_201' title='bbox 1157 2540 1353 2620; x_wconf 71' lang='lat' dir='ltr'><strong>prudentibus</strong></span> 
     </span>
     <span class='ocr_line' id='line_1_22' title="bbox 189 2641 1354 2725; baseline -0.002 -17"><span class='ocrx_word' id='word_1_202' title='bbox 189 2646 326 2725; x_wconf 87' lang='lat' dir='ltr'><strong>nubeque</strong></span> <span class='ocrx_word' id='word_1_203' title='bbox 341 2641 490 2725; x_wconf 81' lang='lat' dir='ltr'><strong>opinionis</strong></span> <span class='ocrx_word' id='word_1_204' title='bbox 507 2641 683 2723; x_wconf 88' lang='lat' dir='ltr'><strong>praeiudicio</strong></span> <span class='ocrx_word' id='word_1_205' title='bbox 699 2643 850 2724; x_wconf 83' lang='lat' dir='ltr'><strong>oeeupatis</strong></span> <span class='ocrx_word' id='word_1_206' title='bbox 867 2643 1061 2724; x_wconf 86' lang='lat' dir='ltr'><strong>eonrprobare</strong></span> <span class='ocrx_word' id='word_1_207' title='bbox 1076 2641 1164 2704; x_wconf 87' lang='lat' dir='ltr'><strong>istam</strong></span> <span class='ocrx_word' id='word_1_208' title='bbox 1179 2641 1354 2724; x_wconf 87' lang='lat' dir='ltr'><strong>interpreta-</strong></span> 
     </span>
     <span class='ocr_line' id='line_1_23' title="bbox 191 2743 1355 2828; baseline -0.003 -17"><span class='ocrx_word' id='word_1_209' title='bbox 191 2748 299 2811; x_wconf 89' lang='lat' dir='ltr'><strong>tionem</strong></span> <span class='ocrx_word' id='word_1_210' title='bbox 314 2764 405 2828; x_wconf 84' lang='lat' dir='ltr'><strong>posse</strong></span> <span class='ocrx_word' id='word_1_211' title='bbox 416 2745 556 2807; x_wconf 86' lang='lat' dir='ltr'><strong>rideatur.</strong></span> <span class='ocrx_word' id='word_1_212' title='bbox 587 2743 644 2806; x_wconf 89' lang='lat' dir='ltr'><strong>Sed</strong></span> <span class='ocrx_word' id='word_1_213' title='bbox 661 2744 716 2807; x_wconf 87' lang='lat' dir='ltr'><strong>bae</strong></span> <span class='ocrx_word' id='word_1_214' title='bbox 726 2745 762 2806; x_wconf 90' lang='lat' dir='ltr'><strong>de</strong></span> <span class='ocrx_word' id='word_1_215' title='bbox 773 2763 805 2808; x_wconf 92' lang='lat' dir='ltr'><strong>re</strong></span> <span class='ocrx_word' id='word_1_216' title='bbox 815 2745 886 2808; x_wconf 87' lang='lat' dir='ltr'><strong>alias</strong></span> <span class='ocrx_word' id='word_1_217' title='bbox 902 2745 973 2808; x_wconf 84' lang='lat' dir='ltr'><strong>satis</strong></span> <span class='ocrx_word' id='word_1_218' title='bbox 989 2745 1171 2808; x_wconf 89' lang='lat' dir='ltr'><strong>dictumest:</strong></span> <span class='ocrx_word' id='word_1_219' title='bbox 1187 2762 1268 2807; x_wconf 88' lang='lat' dir='ltr'><strong>nuuc</strong></span> <span class='ocrx_word' id='word_1_220' title='bbox 1280 2762 1355 2826; x_wconf 88' lang='lat' dir='ltr'><strong>pro·</strong></span> 
     </span>
     <span class='ocr_line' id='line_1_24' title="bbox 190 2850 542 2934; baseline 0 -23"><span class='ocrx_word' id='word_1_221' title='bbox 190 2850 320 2934; x_wconf 89' lang='lat' dir='ltr'><strong>positum</strong></span> <span class='ocrx_word' id='word_1_222' title='bbox 336 2864 542 2930; x_wconf 81' lang='lat' dir='ltr'><strong>exsequamur.</strong></span> 
     </span>
     <span class='ocr_line' id='line_1_25' title="bbox 275 2947 1356 3033; baseline -0.003 -18"><span class='ocrx_word' id='word_1_223' title='bbox 275 2953 400 3015; x_wconf 90' lang='lat' dir='ltr'><strong>llestant</strong></span> <span class='ocrx_word' id='word_1_224' title='bbox 419 2959 517 3013; x_wconf 91' lang='lat' dir='ltr'><strong>autem</strong></span> <span class='ocrx_word' id='word_1_225' title='bbox 538 2951 576 3012; x_wconf 93' lang='lat' dir='ltr'><strong>de</strong></span> <span class='ocrx_word' id='word_1_226' title='bbox 595 2947 750 3030; x_wconf 71' lang='lat' dir='ltr'><strong>theogonia</strong></span> <span class='ocrx_word' id='word_1_227' title='bbox 765 2969 909 3033; x_wconf 84' lang='lat' dir='ltr'><strong>perpauca</strong></span> <span class='ocrx_word' id='word_1_228' title='bbox 924 2959 1047 3013; x_wconf 89' lang='lat' dir='ltr'><strong>tantum.</strong></span> <span class='ocrx_word' id='word_1_229' title='bbox 1077 2949 1211 3013; x_wconf 89' lang='lat' dir='ltr'><strong>Primum</strong></span> <span class='ocrx_word' id='word_1_230' title='bbox 1227 2949 1356 3031; x_wconf 78' lang='lat' dir='ltr'><strong>Neptunii</strong></span> 
     </span>
     <span class='ocr_line' id='line_1_26' title="bbox 191 3050 1355 3138; baseline -0.001 -21"><span class='ocrx_word' id='word_1_231' title='bbox 191 3065 219 3118; x_wconf 93' lang='lat' dir='ltr'><strong>et</strong></span> <span class='ocrx_word' id='word_1_232' title='bbox 238 3056 433 3138; x_wconf 81' lang='lat' dir='ltr'><strong>linrpbitritae</strong></span> <span class='ocrx_word' id='word_1_233' title='bbox 454 3055 649 3128; x_wconf 83' lang='lat' dir='ltr'><strong>connubium,</strong></span> <span class='ocrx_word' id='word_1_234' title='bbox 672 3063 820 3134; x_wconf 87' lang='lat' dir='ltr'><strong>natusque</strong></span> <span class='ocrx_word' id='word_1_235' title='bbox 840 3053 910 3117; x_wconf 90' lang='lat' dir='ltr'><strong>binc</strong></span> <span class='ocrx_word' id='word_1_236' title='bbox 929 3054 1005 3116; x_wconf 82' lang='lat' dir='ltr'><strong>itlius</strong></span> <span class='ocrx_word' id='word_1_237' title='bbox 1024 3052 1144 3126; x_wconf 82' lang='lat' dir='ltr'><strong>Triton,</strong></span> <span class='ocrx_word' id='word_1_238' title='bbox 1162 3071 1190 3113; x_wconf 89' lang='lat' dir='ltr'><strong>r.</strong></span> <span class='ocrx_word' id='word_1_239' title='bbox 1207 3050 1271 3115; x_wconf 85' lang='grc'><strong>930</strong></span> <span class='ocrx_word' id='word_1_240' title='bbox 1290 3071 1355 3135; x_wconf 83' lang='lat' dir='ltr'><strong>sqq.</strong></span> 
     </span>
     <span class='ocr_line' id='line_1_27' title="bbox 194 3155 1356 3241; baseline -0.002 -20"><span class='ocrx_word' id='word_1_241' title='bbox 194 3159 276 3222; x_wconf 89' lang='lat' dir='ltr'><strong>lluuc</strong></span> <span class='ocrx_word' id='word_1_242' title='bbox 291 3158 437 3223; x_wconf 83' lang='lat' dir='ltr'><strong>llomems</strong></span> <span class='ocrx_word' id='word_1_243' title='bbox 453 3178 614 3241; x_wconf 83' lang='lat' dir='ltr'><strong>uunquam,</strong></span> <span class='ocrx_word' id='word_1_244' title='bbox 629 3156 827 3241; x_wconf 81' lang='lat' dir='ltr'><strong>drrrplritriten</strong></span> <span class='ocrx_word' id='word_1_245' title='bbox 842 3156 873 3220; x_wconf 92' lang='lat' dir='ltr'><strong>in</strong></span> <span class='ocrx_word' id='word_1_246' title='bbox 885 3157 1017 3239; x_wconf 72' lang='lat' dir='ltr'><strong>Odyssea</strong></span> <span class='ocrx_word' id='word_1_247' title='bbox 1033 3155 1186 3237; x_wconf 83' lang='lat' dir='ltr'><strong>aliquoties</strong></span> <span class='ocrx_word' id='word_1_248' title='bbox 1200 3166 1356 3232; x_wconf 87' lang='lat' dir='ltr'><strong>memorat,</strong></span> 
     </span>
     <span class='ocr_line' id='line_1_28' title="bbox 189 3247 1357 3342; baseline -0.003 -18"><span class='ocrx_word' id='word_1_249' title='bbox 189 3247 240 3334; x_wconf 90' lang='lat' dir='ltr'><strong>lll‚</strong></span> <span class='ocrx_word' id='word_1_250' title='bbox 256 3263 307 3325; x_wconf 87' lang='grc'><strong>91.</strong></span> <span class='ocrx_word' id='word_1_251' title='bbox 323 3263 355 3337; x_wconf 84' lang='lat' dir='ltr'><strong>ll,</strong></span> <span class='ocrx_word' id='word_1_252' title='bbox 371 3262 442 3325; x_wconf 72' lang='grc'><strong>129.</strong></span> <span class='ocrx_word' id='word_1_253' title='bbox 459 3261 522 3337; x_wconf 78' lang='grc' dir='ltr'><strong>ΧΙΙ,</strong></span> <span class='ocrx_word' id='word_1_254' title='bbox 533 3262 584 3326; x_wconf 84' lang='grc'><strong>69.</strong></span> <span class='ocrx_word' id='word_1_255' title='bbox 600 3261 656 3323; x_wconf 84' lang='grc'><strong>97;</strong></span> <span class='ocrx_word' id='word_1_256' title='bbox 668 3279 764 3342; x_wconf 90' lang='lat' dir='ltr'><strong>neque</strong></span> <span class='ocrx_word' id='word_1_257' title='bbox 780 3279 899 3324; x_wconf 85' lang='lat' dir='ltr'><strong>eausam</strong></span> <span class='ocrx_word' id='word_1_258' title='bbox 916 3261 1010 3336; x_wconf 86' lang='lat' dir='ltr'><strong>rideo,</strong></span> <span class='ocrx_word' id='word_1_259' title='bbox 1025 3279 1078 3323; x_wconf 90' lang='lat' dir='ltr'><strong>cur</strong></span> <span class='ocrx_word' id='word_1_260' title='bbox 1092 3258 1270 3333; x_wconf 87' lang='lat' dir='ltr'><strong>dubitemus,</strong></span> <span class='ocrx_word' id='word_1_261' title='bbox 1286 3259 1357 3340; x_wconf 91' lang='lat' dir='ltr'><strong>quin</strong></span> 
     </span>
     <span class='ocr_line' id='line_1_29' title="bbox 194 3360 1355 3448; baseline -0.003 -20"><span class='ocrx_word' id='word_1_262' title='bbox 194 3383 317 3429; x_wconf 82' lang='lat' dir='ltr'><strong>uxorem</strong></span> <span class='ocrx_word' id='word_1_263' title='bbox 331 3385 396 3428; x_wconf 89' lang='lat' dir='ltr'><strong>eam</strong></span> <span class='ocrx_word' id='word_1_264' title='bbox 412 3365 541 3448; x_wconf 82' lang='lat' dir='ltr'><strong>Neptuni</strong></span> <span class='ocrx_word' id='word_1_265' title='bbox 556 3375 586 3428; x_wconf 93' lang='lat' dir='ltr'><strong>et</strong></span> <span class='ocrx_word' id='word_1_266' title='bbox 601 3366 664 3447; x_wconf 85' lang='lat' dir='ltr'><strong>ipse</strong></span> <span class='ocrx_word' id='word_1_267' title='bbox 679 3365 847 3438; x_wconf 84' lang='lat' dir='ltr'><strong>crediderit,</strong></span> <span class='ocrx_word' id='word_1_268' title='bbox 865 3364 932 3427; x_wconf 89' lang='lat' dir='ltr'><strong>lieet</strong></span> <span class='ocrx_word' id='word_1_269' title='bbox 952 3365 1092 3427; x_wconf 87' lang='lat' dir='ltr'><strong>disertam</strong></span> <span class='ocrx_word' id='word_1_270' title='bbox 1112 3363 1154 3425; x_wconf 88' lang='lat' dir='ltr'><strong>rei</strong></span> <span class='ocrx_word' id='word_1_271' title='bbox 1174 3360 1355 3424; x_wconf 90' lang='lat' dir='ltr'><strong>mentionem</strong></span> 
     </span>
     <span class='ocr_line' id='line_1_30' title="bbox 194 3455 1409 3552; baseline -0.005 -20"><span class='ocrx_word' id='word_1_272' title='bbox 194 3468 472 3550; x_wconf 69' lang='lat' dir='ltr'><strong>urdtaotaeiatett.</strong></span> <span class='ocrx_word' id='word_1_273' title='bbox 495 3468 1025 3552; x_wconf 82' lang='lat' dir='ltr'><strong>l‘aroremporroetTerrorem,</strong></span> <span class='ocrx_word' id='word_1_274' title='bbox 1040 3459 1358 3550; x_wconf 75' lang='grc' dir='ltr'>ΦόβονκαὶΔεῖμον,</span> <span class='ocrx_word' id='word_1_275' title='bbox 1407 3455 1409 3459; x_wconf 66' lang='grc'><strong>’</strong></span> 
     </span>
     <span class='ocr_line' id='line_1_31' title="bbox 195 3568 1358 3657; baseline -0.002 -23"><span class='ocrx_word' id='word_1_276' title='bbox 195 3593 271 3657; x_wconf 81' lang='lat' dir='ltr'><strong>qum</strong></span> <span class='ocrx_word' id='word_1_277' title='bbox 287 3573 441 3657; x_wconf 76' lang='lat' dir='ltr'><strong>tbeogouia</strong></span> <span class='ocrx_word' id='word_1_278' title='bbox 455 3594 481 3639; x_wconf 88' lang='lat' dir='ltr'><strong>r.</strong></span> <span class='ocrx_word' id='word_1_279' title='bbox 497 3574 559 3638; x_wconf 79' lang='grc'><strong>991</strong></span> <span class='ocrx_word' id='word_1_280' title='bbox 572 3572 673 3639; x_wconf 80' lang='lat' dir='ltr'><strong>llartis</strong></span> <span class='ocrx_word' id='word_1_281' title='bbox 688 3593 724 3639; x_wconf 85' lang='lat' dir='ltr'><strong>ex</strong></span> <span class='ocrx_word' id='word_1_282' title='bbox 736 3573 847 3636; x_wconf 78' lang='lat' dir='ltr'><strong>Venere</strong></span> <span class='ocrx_word' id='word_1_283' title='bbox 860 3573 936 3636; x_wconf 84' lang='lat' dir='ltr'><strong>tilios</strong></span> <span class='ocrx_word' id='word_1_284' title='bbox 950 3571 1030 3647; x_wconf 81' lang='lat' dir='ltr'><strong>dicit,</strong></span> <span class='ocrx_word' id='word_1_285' title='bbox 1046 3570 1196 3635; x_wconf 84' lang='lat' dir='ltr'><strong>llomerus</strong></span> <span class='ocrx_word' id='word_1_286' title='bbox 1212 3568 1251 3633; x_wconf 89' lang='lat' dir='ltr'><strong>illi</strong></span> <span class='ocrx_word' id='word_1_287' title='bbox 1263 3568 1358 3633; x_wconf 85' lang='lat' dir='ltr'><strong>eomi-</strong></span> 
     </span>
     <span class='ocr_line' id='line_1_32' title="bbox 195 3669 1478 3761; baseline -0.002 -19"><span class='ocrx_word' id='word_1_288' title='bbox 195 3689 240 3742; x_wconf 83' lang='lat' dir='ltr'><strong>tos</strong></span> <span class='ocrx_word' id='word_1_289' title='bbox 255 3677 384 3759; x_wconf 68' lang='lat' dir='ltr'><strong>adiungit</strong></span> <span class='ocrx_word' id='word_1_290' title='bbox 399 3678 429 3743; x_wconf 93' lang='lat' dir='ltr'><strong>ll.</strong></span> <span class='ocrx_word' id='word_1_291' title='bbox 445 3677 491 3754; x_wconf 69' lang='lat' dir='ltr'><strong>ll&#39;,</strong></span> <span class='ocrx_word' id='word_1_292' title='bbox 508 3677 661 3756; x_wconf 72' lang='lat' dir='ltr'><strong>llllW’l,</strong></span> <span class='ocrx_word' id='word_1_293' title='bbox 681 3696 832 3761; x_wconf 91' lang='lat' dir='ltr'><strong>quumque</strong></span> <span class='ocrx_word' id='word_1_294' title='bbox 846 3678 969 3743; x_wconf 88' lang='lat' dir='ltr'><strong>altorum</strong></span> <span class='ocrx_word' id='word_1_295' title='bbox 985 3696 1103 3753; x_wconf 79' lang='lat' dir='ltr'><strong>eorum,</strong></span> <span class='ocrx_word' id='word_1_296' title='bbox 1125 3669 1250 3759; x_wconf 74' lang='grc' dir='ltr'>Φόβον,</span> <span class='ocrx_word' id='word_1_297' title='bbox 1270 3673 1359 3741; x_wconf 89' lang='lat' dir='ltr'><strong>etiam</strong></span> <span class='ocrx_word' id='word_1_298' title='bbox 1477 3751 1478 3755; x_wconf 7' lang='grc' dir='ltr'><strong>Ἰ</strong></span> 
     </span>
     <span class='ocr_line' id='line_1_33' title="bbox 196 3779 1359 3867; baseline -0.003 -21"><span class='ocrx_word' id='word_1_299' title='bbox 196 3793 295 3846; x_wconf 88' lang='lat' dir='ltr'><strong>uattrm</strong></span> <span class='ocrx_word' id='word_1_300' title='bbox 306 3783 369 3846; x_wconf 82' lang='lat' dir='ltr'><strong>eius</strong></span> <span class='ocrx_word' id='word_1_301' title='bbox 380 3783 544 3865; x_wconf 82' lang='lat' dir='ltr'><strong>perbibent,</strong></span> <span class='ocrx_word' id='word_1_302' title='bbox 557 3783 586 3847; x_wconf 92' lang='lat' dir='ltr'><strong>ll.</strong></span> <span class='ocrx_word' id='word_1_303' title='bbox 599 3783 673 3858; x_wconf 78' lang='lat' dir='ltr'><strong>xib,</strong></span> <span class='ocrx_word' id='word_1_304' title='bbox 686 3783 760 3859; x_wconf 75' lang='lat'><strong>299,</strong></span> <span class='ocrx_word' id='word_1_305' title='bbox 771 3803 809 3849; x_wconf 89' lang='lat' dir='ltr'><strong>ne</strong></span> <span class='ocrx_word' id='word_1_306' title='bbox 820 3783 857 3848; x_wconf 94' lang='lat' dir='ltr'><strong>de</strong></span> <span class='ocrx_word' id='word_1_307' title='bbox 868 3784 959 3848; x_wconf 87' lang='lat' dir='ltr'><strong>altero</strong></span> <span class='ocrx_word' id='word_1_308' title='bbox 972 3782 1091 3867; x_wconf 90' lang='lat' dir='ltr'><strong>quidem</strong></span> <span class='ocrx_word' id='word_1_309' title='bbox 1107 3779 1300 3846; x_wconf 85' lang='lat' dir='ltr'><strong>dubitabitur:</strong></span> <span class='ocrx_word' id='word_1_310' title='bbox 1322 3783 1359 3844; x_wconf 91' lang='lat' dir='ltr'><strong>de</strong></span> 
     </span>
     <span class='ocr_line' id='line_1_34' title="bbox 196 3884 1359 3971; baseline -0.002 -22"><span class='ocrx_word' id='word_1_311' title='bbox 196 3896 289 3950; x_wconf 76' lang='lat' dir='ltr'><strong>ruane</strong></span> <span class='ocrx_word' id='word_1_312' title='bbox 298 3904 370 3949; x_wconf 88' lang='lat' dir='ltr'><strong>nuru</strong></span> <span class='ocrx_word' id='word_1_313' title='bbox 380 3885 456 3950; x_wconf 89' lang='lat' dir='ltr'><strong>idem</strong></span> <span class='ocrx_word' id='word_1_314' title='bbox 465 3895 552 3970; x_wconf 90' lang='lat' dir='ltr'><strong>atque</strong></span> <span class='ocrx_word' id='word_1_315' title='bbox 563 3886 709 3953; x_wconf 80' lang='lat' dir='ltr'><strong>llesiodus</strong></span> <span class='ocrx_word' id='word_1_316' title='bbox 718 3888 929 3965; x_wconf 70' lang='lat' dir='ltr'><strong>statueritnon</strong></span> <span class='ocrx_word' id='word_1_317' title='bbox 939 3885 1192 3971; x_wconf 85' lang='lat' dir='ltr'><strong>liquet‚siquidem</strong></span> <span class='ocrx_word' id='word_1_318' title='bbox 1203 3884 1359 3966; x_wconf 74' lang='lat' dir='ltr'><strong>coniugem</strong></span> 
     </span>
    </p>
   </div>
   <div class='ocr_carea' id='block_1_3' title="bbox 196 4060 439 4073">
    <p class='ocr_par' dir='ltr' id='par_1_3' title="bbox 196 4060 439 4073">
     <span class='ocr_line' id='line_1_35' title="bbox 196 4060 439 4073; baseline -0.021 0"><span class='ocrx_word' id='word_1_319' title='bbox 196 4062 278 4073; x_wconf 61' lang='grc' dir='ltr'><strong><em>..ο-ι</em></strong></span> <span class='ocrx_word' id='word_1_320' title='bbox 303 4060 439 4070; x_wconf 59' lang='lat'><strong>‚.....--·</strong></span> 
     </span>
    </p>
   </div>
   <div class='ocr_carea' id='block_1_4' title="bbox 196 4143 1360 4467">
    <p class='ocr_par' dir='ltr' id='par_1_4' title="bbox 265 4143 1050 4214">
     <span class='ocr_line' id='line_1_36' title="bbox 265 4143 1050 4214; baseline 0.004 -19"><span class='ocrx_word' id='word_1_321' title='bbox 265 4144 308 4212; x_wconf 83' lang='grc'><strong>99)</strong></span> <span class='ocrx_word' id='word_1_322' title='bbox 322 4143 442 4196; x_wconf 78' lang='lat' dir='ltr'><strong>Dubitare</strong></span> <span class='ocrx_word' id='word_1_323' title='bbox 454 4145 555 4198; x_wconf 83' lang='lat' dir='ltr'><strong>ridetur</strong></span> <span class='ocrx_word' id='word_1_324' title='bbox 566 4146 746 4212; x_wconf 65' lang='lat' dir='ltr'><strong>Naegelsbach.</strong></span> <span class='ocrx_word' id='word_1_325' title='bbox 760 4146 838 4199; x_wconf 83' lang='lat' dir='ltr'><strong>tbeol.</strong></span> <span class='ocrx_word' id='word_1_326' title='bbox 851 4146 921 4198; x_wconf 83' lang='lat' dir='ltr'><strong>llom</strong></span> <span class='ocrx_word' id='word_1_327' title='bbox 933 4163 957 4214; x_wconf 89' lang='lat' dir='ltr'><strong>p.</strong></span> <span class='ocrx_word' id='word_1_328' title='bbox 967 4146 1000 4198; x_wconf 81' lang='lat' dir='ltr'><strong>te</strong></span> <span class='ocrx_word' id='word_1_329' title='bbox 1012 4162 1050 4214; x_wconf 82' lang='lat' dir='ltr'><strong>sq.</strong></span> 
     </span>
    </p>

    <p class='ocr_par' dir='ltr' id='par_1_5' title="bbox 196 4224 1360 4467">
     <span class='ocr_line' id='line_1_37' title="bbox 265 4224 1360 4300; baseline 0.001 -20"><span class='ocrx_word' id='word_1_330' title='bbox 265 4230 321 4292; x_wconf 75' lang='lat' dir='ltr'><strong>ppo)</strong></span> <span class='ocrx_word' id='word_1_331' title='bbox 338 4229 375 4281; x_wconf 85' lang='lat' dir='ltr'><strong>lle</strong></span> <span class='ocrx_word' id='word_1_332' title='bbox 388 4229 432 4294; x_wconf 81' lang='lat' dir='ltr'><strong>iis,</strong></span> <span class='ocrx_word' id='word_1_333' title='bbox 445 4230 486 4297; x_wconf 87' lang='lat' dir='ltr'><strong>qui</strong></span> <span class='ocrx_word' id='word_1_334' title='bbox 500 4224 596 4296; x_wconf 69' lang='grc' dir='ltr'>Φόβον</span> <span class='ocrx_word' id='word_1_335' title='bbox 608 4231 698 4284; x_wconf 78' lang='lat' dir='ltr'><strong>blurtis</strong></span> <span class='ocrx_word' id='word_1_336' title='bbox 714 4249 804 4300; x_wconf 74' lang='lat' dir='ltr'><strong>equum</strong></span> <span class='ocrx_word' id='word_1_337' title='bbox 821 4231 947 4298; x_wconf 67' lang='lat' dir='ltr'><strong>temnant,</strong></span> <span class='ocrx_word' id='word_1_338' title='bbox 966 4232 1039 4283; x_wconf 81' lang='lat' dir='ltr'><strong>velut</strong></span> <span class='ocrx_word' id='word_1_339' title='bbox 1054 4229 1140 4296; x_wconf 79' lang='lat' dir='ltr'><strong>Quint.</strong></span> <span class='ocrx_word' id='word_1_340' title='bbox 1152 4227 1204 4280; x_wconf 79' lang='lat' dir='ltr'><strong>Seu.</strong></span> <span class='ocrx_word' id='word_1_341' title='bbox 1217 4225 1287 4292; x_wconf 85' lang='lat' dir='ltr'><strong>Vlll,</strong></span> <span class='ocrx_word' id='word_1_342' title='bbox 1299 4226 1360 4295; x_wconf 78' lang='lat' dir='ltr'><strong>tta,</strong></span> 
     </span>
     <span class='ocr_line' id='line_1_38' title="bbox 197 4311 1360 4384; baseline 0.001 -18"><span class='ocrx_word' id='word_1_343' title='bbox 197 4321 302 4383; x_wconf 82' lang='lat' dir='ltr'><strong>propter</strong></span> <span class='ocrx_word' id='word_1_344' title='bbox 313 4313 414 4366; x_wconf 82' lang='lat' dir='ltr'><strong>llorueri</strong></span> <span class='ocrx_word' id='word_1_345' title='bbox 427 4316 506 4367; x_wconf 75' lang='lat' dir='ltr'><strong>locon</strong></span> <span class='ocrx_word' id='word_1_346' title='bbox 518 4315 583 4368; x_wconf 76' lang='lat' dir='ltr'><strong>nale</strong></span> <span class='ocrx_word' id='word_1_347' title='bbox 596 4316 751 4370; x_wconf 76' lang='lat' dir='ltr'><strong>intellectura</strong></span> <span class='ocrx_word' id='word_1_348' title='bbox 763 4317 793 4370; x_wconf 83' lang='lat' dir='ltr'><strong>ll.</strong></span> <span class='ocrx_word' id='word_1_349' title='bbox 805 4316 864 4381; x_wconf 75' lang='lat' dir='ltr'><strong>XV,</strong></span> <span class='ocrx_word' id='word_1_350' title='bbox 875 4317 917 4382; x_wconf 82' lang='lat' dir='ltr'><strong>tt,</strong></span> <span class='ocrx_word' id='word_1_351' title='bbox 929 4315 981 4369; x_wconf 82' lang='lat' dir='ltr'><strong>vid.</strong></span> <span class='ocrx_word' id='word_1_352' title='bbox 993 4315 1120 4384; x_wconf 77' lang='lat' dir='ltr'><strong>Spitauer.</strong></span> <span class='ocrx_word' id='word_1_353' title='bbox 1132 4313 1165 4365; x_wconf 76' lang='lat' dir='ltr'><strong>ot</strong></span> <span class='ocrx_word' id='word_1_354' title='bbox 1177 4312 1202 4366; x_wconf 73' lang='lat' dir='ltr'><strong>i.</strong></span> <span class='ocrx_word' id='word_1_355' title='bbox 1212 4312 1230 4366; x_wconf 92' lang='lat' dir='ltr'><strong>l.</strong></span> <span class='ocrx_word' id='word_1_356' title='bbox 1240 4317 1267 4365; x_wconf 87' lang='lat' dir='ltr'><strong>et</strong></span> <span class='ocrx_word' id='word_1_357' title='bbox 1277 4311 1360 4367; x_wconf 74' lang='lat' dir='ltr'><strong>boire</strong></span> 
     </span>
     <span class='ocr_line' id='line_1_39' title="bbox 196 4398 494 4467; baseline 0 -15"><span class='ocrx_word' id='word_1_358' title='bbox 196 4399 229 4452; x_wconf 77' lang='lat' dir='ltr'><strong>tle</strong></span> <span class='ocrx_word' id='word_1_359' title='bbox 242 4398 383 4451; x_wconf 66' lang='lat' dir='ltr'><strong>Mitteret.</strong></span> <span class='ocrx_word' id='word_1_360' title='bbox 397 4415 424 4467; x_wconf 82' lang='lat' dir='ltr'><strong>p.</strong></span> <span class='ocrx_word' id='word_1_361' title='bbox 436 4399 494 4452; x_wconf 81' lang='lat' dir='ltr'><strong>tet.</strong></span> 
     </span>
    </p>
   </div>
   <div class='ocr_carea' id='block_1_5' title="bbox 0 0 1501 4808">
    <p class='ocr_par' dir='ltr' id='par_1_6' title="bbox 0 0 1501 4808">
     <span class='ocr_line' id='line_1_40' title="bbox 0 0 1501 4808; baseline 0 0"><span class='ocrx_word' id='word_1_362' title='bbox 0 0 1501 4808; x_wconf 95' lang='lat' dir='ltr'><strong> </strong></span> 
     </span>
    </p>
   </div>
  </div>
 </body>
</html>
