2962 4808
697 401 757 466 193

141 586 205 648 eius
226 586 352 650 turmam
369 583 435 666 Φῖξ
453 607 520 652 cum
538 590 628 654 latino
648 592 738 656 verbo
759 592 845 673 sigo,
864 608 954 672 quum
977 590 1151 672 praesertim
1166 581 1308 676 σφίγγε-

142 689 229 751 mim
245 689 331 751 etiam
348 709 422 772 agira
437 692 549 755 dicatur·
565 693 673 774 frigore
687 693 855 767 constricta,
869 691 947 773 opud
962 691 1152 754 Plutarchum
1167 692 1204 753 eie
1218 691 1307 772 prim.

144 791 327 870 frigell:
353 783 435 855 uiuri
462 789 523 875 μὲν
550 791 611 881 γὰρ
637 788 722 860 καθ’
750 789 831 859 etet
857 790 897 857 rei
924 787 1011 878 {stop
1033 785 1227 872 εὖδιᾶχιτον
1247 788 1307 856 καὶ

143 885 273 976 ἀπαγὲς
299 889 357 958 καὶ
384 887 569 962 ἀσύστατόν
594 892 681 975 ἔστι,
710 891 888 962 ἐντείνεται
916 891 1035 959 δὲκαὶ
1058 890 1235 980 συνάγεται
1257 891 1307 980 τῷ

143 988 231 1078 ἀέρι,
265 992 531 1083 σφιγγόμενον
562 990 631 1062 ὑπὸ
663 993 879 1085 ψυχρότητος.
913 1000 1007 1080 htqne
1032 999 1108 1061 hairu
1127 998 1166 1061 oh
1186 1018 1305 1060 retusam

143 1098 267 1180 Sphingi
288 1100 376 1163 etiam
396 1101 556 1164 Echidnam
577 1113 607 1165 et
627 1103 769 1166 Orthrum
790 1109 926 1182 parentes
946 1101 1018 1163 «lari.
1049 1101 1122 1164 Nam
1143 1101 1305 1164 Eehirhmm

143 1201 214 1263 nihii
229 1202 305 1266 aliud
321 1222 488 1285 essequam
503 1223 618 1287 aquam,
632 1205 775 1268 Orthrum
787 1213 885 1267 antem
897 1237 940 1250 -
951 1203 994 1267 sio
1006 1203 1084 1266 enim
1097 1203 1205 1266 rochus
1217 1222 1306 1284 quum

142 1306 269 1369 Orthum
289 1307 435 1370 scribi-
449 1310 624 1373 matutinum
646 1320 764 1390 tempus
784 1305 962 1389 significare,
982 1326 1042 1387 quo
1061 1316 1195 1387 tempore
1215 1304 1308 1386 trigns

144 1408 435 1475 vehementissimum
453 1433 520 1476 esse
536 1412 620 1475 solet
646 1413 683 1474 Et
698 1413 825 1474 turmam
840 1428 959 1492 quoque
973 1409 1115 1491 Sphingis
1131 1406 1201 1472 hnic
1215 1407 1307 1489 signi·

144 1510 272 1574 tieationi
297 1514 549 1577 accommodatam
571 1534 648 1577 esse.
682 1513 839 1576 immotum
862 1511 943 1574 enim
971 1521 1001 1573 ot
1021 1511 1144 1592 rigidam
1165 1509 1306 1592 proponi.
1330 1523 1365 1576 ts

145 1613 276 1691 quamvis
297 1615 401 1677 atatam
423 1623 454 1678 et
472 1633 599 1697 cor-prmo
618 1614 746 1677 leonino.
776 1614 850 1675 ltem
870 1613 989 1692 trigoris
1008 1613 1252 1693 significationem
1271 1631 1306 1673 ex

144 1732 180 1771 eo
196 1715 345 1794 cognosci,
361 1715 439 1796 quod
457 1715 485 1777 in
498 1716 639 1778 Chiorum
654 1712 785 1777 nummis
801 1713 944 1793 amphora
960 1732 1028 1776 cum
1041 1715 1173 1796 Sphinge
1185 1713 1308 1794 eonspi·
1350 1768 1353 1773 .

144 1814 311 1897 eitur³³,t:
327 1834 395 1878 nam
411 1816 556 1896 pertinere
571 1817 629 1879 hoe
643 1816 679 1878 ael
696 1832 811 1878 morem
826 1813 863 1875 ab
877 1814 1027 1876 Athenaeo
1042 1824 1249 1891 memoratum,
1264 1814 1309 1875 ri·

144 1933 231 1990 num,
247 1916 332 1979 euius
348 1917 491 1980 minante
512 1920 604 1992 ferax,
623 1935 678 1998 par
692 1915 813 1998 glaciem
829 1914 1029 1995 refrigerandi.
1059 1917 1132 1978 item
1147 1915 1310 1996 Sphingem

144 2017 287 2079 Minervae
312 2019 409 2098 goieae
434 2019 617 2100 impositam,
644 2027 677 2081 ut
698 2018 773 2081 seris
793 2017 940 2080 numinis:
967 2037 1036 2080 nam
1055 2018 1085 2080 in
1105 2036 1173 2080 aere
1193 2018 1312 2097 trigoris

144 2135 262 2178 eausam
289 2137 355 2180 esse
380 2128 489 2181 veteres
515 2119 646 2200 plerique
666 2119 841 2182 statnehant
877 2119 1006 2200 Denique
1025 2118 1214 2200 comprobari
1235 2119 1311 2180 horu:

146 2218 413 2298 interpretationem
431 2220 544 2302 pictum
560 2221 684 2301 quadam
701 2221 821 2283 crateris
837 2219 966 2301 rtpniici,
986 2219 1037 2281 uhi
1053 2219 1168 2300 Sphinx
1182 2227 1229 2280 est
1244 2219 1311 2280 nire

145 2319 278 2400 oppleta,
299 2330 328 2381 et
348 2322 467 2382 osismos
482 2320 507 2382 ei
524 2321 646 2402 Satyrus
660 2340 728 2383 enm
744 2321 833 2384 harho
850 2321 932 2384 nivea
947 2330 977 2382 ot
991 2329 1071 2383 uento
1086 2321 1155 2382 item
1171 2319 1237 2380 nire
1252 2339 1309 2400 op·

147 2421 236 2499 pieta,
256 2422 305 2501 qui
325 2441 408 2484 arem
428 2423 537 2502 frigore
557 2432 704 2485 nrortumu
720 2423 803 2504 qnasi
819 2422 1003 2506 expmhrans
1019 2422 1142 2504 Sphingi
1163 2423 1310 2495 «ostendat,

145 2529 174 2581 et
189 2531 255 2583 ante
270 2523 363 2602 pedes
378 2524 442 2586 eius
456 2524 560 2602 anguis
576 2533 699 2597 erectus,
714 2525 762 2604 qui
775 2543 880 2604 arguam
894 2524 1036 2604 signitieet
1047 2523 1311 2602 eoagulamrrr³³').

146 2623 187 2685 hir
202 2623 249 2684 his
265 2623 353 2704 igitur
367 2625 490 2688 dirersis
505 2624 795 2708 interpretationibus
806 2645 871 2687 eam
882 2625 1007 2706 quisque
1018 2625 1220 2707 mnpiectatur,
1235 2645 1312 2706 ‹pme

147 2723 201 2805 ipsi
218 2726 344 2788 rrraxime
359 2727 597 2808 pr·nluhitnr⁵⁴).
627 2727 701 2791 Nanr
715 2727 806 2791 habet
818 2736 939 2809 utraque
954 2727 1060 2808 aliquid
1076 2729 1312 2790 conumemiotio·

148 2826 202 2899 nis,
217 2845 311 2908 noque
326 2849 379 2910 ego
396 2830 581 2901 interranum,
598 2830 622 2892 si
638 2831 704 2911 quis
719 2841 875 2911 utramque
889 2848 988 2891 reram
999 2849 1066 2891 esse
1077 2829 1185 2903 moriat,
1200 2830 1312 2912 quippe

148 2949 239 3010 quum
259 2931 373 2994 uideant
389 2933 516 2995 Graecos
536 2933 634 3014 ipsos,
655 2934 800 3016 primitiva
821 2934 921 2997 tatium
941 2934 1147 3013 figmentorum
1163 2931 1312 3012 signitica-

149 3029 229 3094 tiono
247 3031 359 3097 totilum
375 3032 553 3109 oblitterata,
570 3036 691 3098 easdem
707 3037 818 3100 tabulas
834 3037 917 3099 aliter
931 3035 1005 3098 ulios
1020 3034 1168 3116 accepisse
1179 3044 1209 3098 et
1222 3055 1313 3099 exerr-

150 3153 247 3196 nosse.
278 3135 424 3199 hesiodus
445 3148 541 3201 autem
563 3139 634 3221 quiet
655 3140 691 3203 ue
711 3141 841 3222 Sphinge
861 3140 1008 3211 statuerit,
1030 3149 1059 3201 et
1078 3158 1131 3202 cur
1145 3138 1231 3202 Orthi
1247 3160 1313 3202 earu

150 3255 213 3298 non
229 3235 361 3318 Typhoei
382 3239 470 3302 tiliam
491 3242 603 3315 iecerit,
623 3251 806 3324 matremque
824 3252 924 3305 utrum
944 3241 1106 3305 Echidnam
1125 3261 1162 3304 on
1178 3243 1315 3305 Chione·

151 3358 212 3402 ram
227 3357 292 3401 esse
306 3341 438 3417 uoluerit,
455 3343 509 3419 vir,
525 3344 642 3428 opinor,
659 3345 733 3428 ipse,
749 3347 825 3411 siah
840 3347 942 3411 inieris
957 3347 1075 3412 excitari
1089 3357 1203 3430 posset,
1218 3349 1315 3410 couti·

150 3442 254 3506 «tentor
268 3447 470 3528 responderet.

220 3700 280 3765 53⁶)
300 3699 337 3752 (ΖΓ.
351 3699 473 3765 norugee.
487 3699 636 3765 Vosorrgem.
655 3697 676 3767 1,
695 3698 710 3750 3
724 3715 747 3770 p.
757 3698 799 3753 us.
823 3697 935 3766 tt'tine,
954 3701 985 3753 te
1003 3697 1206 3753 retractionem
1220 3699 1299 3772 put.

221 3785 274 3850 53‘)
294 3787 372 3840 Extat
390 3787 451 3838 hnee
468 3786 564 3855 pictum
578 3787 653 3839 etism
665 3787 731 3855 apruni
744 3785 930 3853 Wieselernm,
948 3787 1079 3841 Derrhnuih
1092 3789 1138 3841 ties
1151 3789 1318 3845 hiihnenwes.

154 3872 248 3927 onvt
261 3891 300 3926 no.
315 3874 360 3938 103
373 3873 606 3943 interpretationem
618 3873 692 3940 ionga
704 3874 830 3928 diversam
840 3873 924 3928 Wies.
934 3891 958 3944 p.
968 3875 999 3927 ii
1013 3883 1040 3928 et
1053 3874 1167 3943 lahaim,
1181 3877 1319 3930 heehsem.

154 3959 226 4012 huis.
239 3977 263 4028 p.
277 3961 324 4011 lit
337 3968 390 4012 aot.
403 3961 436 4012 50
448 3967 642 4029 proposuerunt.

223 4047 270 4111 5⁴)
290 4045 408 4101 Usohohii
424 4048 575 4099 “amatim
593 4045 754 4111 (Vurhuilal
773 4064 796 4114 p.
816 4048 881 4114 oss>
899 4051 939 4103 eoi
956 4051 1053 4120 Sphinx
1073 4051 1167 4105 Luaron
1184 4051 1319 4119 signifieat,

155 4133 257 4185 silentio
270 4133 411 4201 praeterire
423 4132 516 4197 deruit,
529 4143 674 4200 quamquem
686 4131 815 4200 prot-nn
827 4150 842 4186 s
856 4136 1077 4201 Bononiensem.
1090 4137 1150 4193 deh'
1160 4141 1219 4192 inst.
1228 4141 1320 4193 anhe-

155 4220 188 4272 ol.
206 4219 232 4272 Χ
250 4220 342 4288 pothi.
369 4217 433 4273 tien
447 4226 544 4284 umen,
560 4219 611 4270 rhu
625 4218 694 4285 toea,
707 4217 813 4288 hipthol.
830 4220 856 4290 ἦ.
870 4221 929 4291 tto,
940 4224 972 4276 de
985 4226 1177 4293 pestilentis
1189 4227 1320 4294 rogitavit,

155 4305 323 4373 wolckerus,
340 4308 432 4360 namt.
450 4303 510 4359 nott·
524 4304 582 4358 tort.
596 4303 656 4358 xtv
670 4305 754 4375 pttt
767 4307 882 4362 issula
898 4311 1075 4367 occidente.
1088 4312 1147 4367 Chr.
1159 4314 1282 4368 Peterson
1295 4315 1321 4367 is

155 4390 321 4447 hirimanni.
330 4394 390 4464 phil.
401 4401 429 4447 et
438 4392 510 4462 pred.
519 4390 571 4444 vu.
580 4389 744 4460 nxvpsan
754 4411 778 4464 p.
784 4395 818 4447 tn
827 4395 882 4450 [οη
891 4400 1018 4456 ωιωιιῑὶι
1026 4418 1082 4455 eon
1091 4401 1120 4457 C.
1131 4401 1161 4456 F.
1171 4400 1322 4455 lienosos.

197 4480 231 4544 n.
1080 4494 1118 4556 13
