2962 4808
689 384 748 447 197
818 419 822 428 ·

616 475 708 486 ---
742 475 761 482 ν-
774 472 794 481 ‚a-

136 576 194 639 hoe
211 583 258 638 est
277 574 443 657 aquatlomn
463 585 646 657 serpentem,
666 575 781 639 urendo
801 584 830 636 et
845 574 986 637 torrendo
1002 571 1147 654 stirpibus
1163 572 1305 635 nocuisse

136 680 279 754 dicerent,
299 679 382 762 quasi
402 678 485 760 ignea
505 680 631 761 quadarn
652 679 678 741 vi
700 677 805 741 caloris
825 676 940 751 aestivi,
960 676 989 738 in
1005 676 1112 758 quihus
1127 675 1302 757 Euphorion

135 768 212 864 apae
230 784 322 846 sena.
338 781 672 844 renarrantem:

257 871 278 969 ἦ
299 879 359 963 μὲν
381 875 491 946 πάνθ’
516 876 581 945 ὅσα
602 902 670 944 που
692 874 771 967 φύει
794 871 958 956 εὐδείελος
979 866 1053 956 αἶα,

257 975 280 1071 ἢ
301 980 407 1073 φατὸν
427 975 450 1070 ἢ
471 976 581 1069 ποίην,
605 975 688 1068 ὅτεῳ
709 973 922 1067 χριμψαίατο
943 974 1081 1063 λύθρον,

258 1080 305 1163 ὥς
325 1081 408 1170 περὶ
430 1079 623 1172 καρφόμενα
645 1082 788 1172 ψαφαρῇ
809 1077 982 1148 ἰνδάλλετο
1002 1076 1177 1168 τέαρῃΰῑ).

138 1197 280 1264 Quaeres
295 1190 474 1251 documento
490 1207 558 1250 esse
573 1197 684 1269 potest,
699 1206 788 1267 «ruam
803 1197 887 1249 caute
900 1196 929 1247 ot
943 1186 1155 1267 circumspecte
1170 1185 1199 1248 in
1216 1186 1300 1250 lailou-

137 1294 229 1356 larum
245 1289 486 1372 interpretatione
501 1301 654 1371 puetarum
670 1289 847 1351 testimoniis
863 1288 1006 1351 utendum
1019 1286 1066 1350 sit.
1090 1288 1126 1351 he
1138 1288 1301 1352 llesiodum

137 1414 268 1476 quoqne,
289 1412 380 1474 quum
401 1401 540 1473 parentes
559 1392 674 1474 Hydrae
689 1391 863 1474 Typhoeum
879 1402 908 1454 et
921 1391 1082 1455 Echidnom
1099 1392 1220 1468 laoeret,
1240 1413 1302 1455 non

136 1498 224 1559 eredo
244 1505 387 1559 vetustam
409 1495 595 1559 traditionem
615 1506 774 1577 sequutum
794 1517 875 1571 osse,
899 1495 950 1558 sed
973 1494 1049 1557 hanc
1067 1494 1162 1557 solam
1183 1515 1302 1558 ransom

139 1598 290 1672 hahuisse,
316 1598 395 1680 quod
422 1598 550 1680 serpenti
577 1598 765 1681 serpentinos
791 1608 927 1682 parentes
953 1607 1038 1680 aptos
1065 1616 1132 1660 esse
1154 1598 1302 1661 iudicaret.

137 1703 211 1765 Nam
232 1712 335 1765 natura
352 1701 470 1783 quidem
486 1701 600 1784 ilydrao
615 1702 652 1764 ah
666 1702 713 1765 his
729 1702 846 1766 eltruhus
862 1720 1004 1784 perquam
1020 1698 1084 1763 sine
1100 1699 1190 1763 duhio
1206 1701 1302 1765 direr-

139 1826 170 1867 sa
186 1805 249 1868 tuit.
897 1796 900 1802 ’

223 1907 331 1970 lisdem
352 1908 522 1989 parentibus
542 1909 601 1971 duo
623 1927 712 1973 eanes
732 1909 800 1973 editi
817 1908 964 1983 dieantur,
981 1904 1124 1970 Cerberus
1139 1916 1168 1969 et
1182 1907 1307 1983 Orthus,

138 2031 265 2092 quorum
281 2010 361 2074 alteri
378 2011 499 2074 caudam
516 2011 653 2075 droconis
670 2014 819 2095 multaque
835 2021 1008 2095 serpentum
1023 2009 1116 2093 capita
1129 2010 1241 2074 lahulae
1253 2011 1305 2073 tri·

140 2117 281 2191 huerunt,
297 2116 430 2188 altorum,
447 2116 497 2198 qui
512 2116 614 2200 hieeps
630 2117 667 2180 ah
681 2118 862 2199 Apollodoro
878 2115 1051 2190 dietam-⁶³),
1066 2131 1126 2176 non
1142 2113 1304 2177 arlrnodmn
1328 2121 1362 2174 ta

140 2219 219 2283 fratri
240 2219 412 2283 dissimilem
434 2221 525 2283 luisse
545 2220 664 2284 eredere
679 2220 791 2285 licehit:
812 2241 902 2303 eaquae
919 2222 1028 2293 lunata,
1048 2236 1226 2299 quatrionem
1241 2237 1305 2281 trun

86 2312 88 2317 ’
139 2323 248 2386 diserto
258 2322 294 2386 ah
305 2321 435 2385 llesiodo
448 2333 741 2397 memorate—nam
754 2317 1096 2411 πεντρκοντακάρρνον
1107 2332 1220 2386 lantum
1233 2324 1305 2386 Ger·

140 2428 243 2491 herum
258 2426 343 2499 dieit,
359 2461 400 2471 —
417 2426 542 2489 dubitari
557 2436 653 2490 tamen
669 2427 714 2490 rix
730 2437 841 2511 potest,
860 2428 930 2510 quin
952 2427 978 2489 ei
994 2436 1063 2489 nota
1078 2424 1165 2489 luerit
1178 2444 1306 2508 euntque

140 2530 325 2613 permoverit,
341 2539 374 2593 ut
389 2529 563 2611 Tpprhoeum
578 2539 607 2592 et
621 2530 793 2606 holddnnm,
809 2550 868 2593 non
880 2530 1023 2594 absimilis
1036 2531 1148 2591 tonnae
1159 2541 1306 2602 monstra,

141 2642 277 2716 parentes
294 2633 328 2695 iis
345 2633 438 2707 daret,
454 2651 510 2714 qna
526 2633 555 2695 in
571 2653 603 2696 re
617 2635 797 2716 posteriores
810 2654 877 2697 eum
891 2633 1006 2716 sequuti
1019 2635 1155 2711 sunere).
1179 2633 1307 2715 Propter

142 2739 217 2799 hone
237 2735 379 2816 originem
394 2734 514 2798 Cerheri
530 2735 616 2798 etiam
633 2735 878 2818 signitioadonem
893 2736 1065 2819 parentibus
1081 2754 1242 2817 congruam
1258 2736 1306 2798 in·

143 2849 283 2923 terpretes
304 2838 523 2921 quaesiremnt,
542 2840 619 2902 relut
638 2840 730 2903 schol.
747 2840 844 2920 theog.
860 2860 885 2903 a.
899 2840 975 2913 311,
997 2857 1107 2901 nomen
1123 2837 1215 2914 illius,
1237 2860 1306 2902 curn

142 2944 301 3026 plerisque,
320 2964 336 3006 a
357 2937 438 3026 κέαρ
464 2939 557 3029 (κῆρ)
581 2953 610 3006 et
631 2938 732 3026 βορός
747 2945 856 3007 laetum
871 2965 938 3006 esse
953 2952 1047 3018 ratus,
1068 2950 1102 3004 ut
1116 2942 1213 3023 alirpro
1228 2953 1307 3007 certe

143 3046 232 3109 raudo
249 3045 285 3108 ad
301 3056 393 3109 terrae
407 3056 517 3120 motus,
534 3063 662 3127 quornm
678 3046 851 3127 Tpprhoeum
868 3055 897 3110 et
913 3047 1074 3109 Echidnam
1089 3053 1224 3107 auctores
1239 3066 1308 3109 esse

143 3149 293 3223 intellexit,
312 3151 399 3212 elium
415 3148 558 3212 Cerberus
579 3147 749 3230 premineret,
770 3150 828 3211 hoo
842 3166 951 3212 norrren
967 3157 1122 3230 propeterea
1138 3147 1163 3210 ei
1180 3146 1305 3210 inditum

143 3272 209 3315 esse
224 3251 272 3328 ait,
287 3245 438 3337 παρόσον
459 3243 491 3313 oi
516 3241 583 3312 r‘ard
606 3247 745 3332 σεισμοῦ
759 3247 1083 3334 καταποντιζόμενοι
1097 3243 1308 3336 (distortiones-

143 3376 200 3419 rm
222 3350 261 3417 τὸ
283 3347 373 3439 κέαρ.
407 3353 596 3416 lleeentiores
612 3371 721 3415 nomen
737 3353 844 3434 partim
861 3355 990 3419 indidem
1008 3364 1158 3437 repetunt,
1174 3364 1309 3417 vertunt-

143 3479 201 3541 que
217 3458 375 3522 Cerherurn
392 3456 677 3520 Seeleniresser⁰
688 3459 732 3533 ²),
748 3458 855 3539 partim
873 3453 1038 3545 Κέρβερον
1051 3457 1242 3540 transposilis
1258 3458 1308 3521 lit·

143 3561 213 3627 teris
238 3582 293 3645 pro
314 3555 482 3648 Κρέμερον
505 3558 617 3624 dietum
641 3561 755 3636 solunt,
780 3562 858 3643 qued
880 3561 1110 3645 interpretantur
1131 3561 1307 3637 lliseium,

324 3717 443 3726 .-.a—...-

212 3805 259 3868 61)
279 3802 409 3870 Adseripsi
422 3817 512 3854 sersus
525 3817 557 3853 err
570 3801 742 3853 eruendutione
756 3799 885 3867 hleioeldi,
898 3801 1011 3854 Analeet.
1024 3803 1100 3855 Alex.
1112 3819 1137 3872 p.
1146 3803 1190 3856 att.

212 3890 260 3954 65)
280 3887 363 3956 Apoll.
376 3886 411 3954 11,
423 3887 452 3954 5,
468 3887 512 3952 td,
525 3886 550 3939 3.
573 3886 710 3938 Cerberum
721 3901 819 3953 quoque
832 3903 881 3938 non
895 3903 952 3939 reeo
966 3888 1091 3957 hieipitem
1103 3891 1209 3960 proponi
1223 3900 1309 3945 notun

143 3985 193 4029 est.
217 3975 274 4028 vit.
287 3972 409 4025 Gerhurd.
422 3971 546 4025 euserles.
558 3969 667 4022 Vaeeuh.
681 3969 702 4023 11
715 3987 738 4039 p.
753 3970 810 4038 155,
825 3972 865 4024 13.

212 4061 259 4126 stt)
278 4060 369 4129 lipsio.
382 4076 419 4128 pr.
432 4076 455 4129 p.
472 4059 511 4110 12.
525 4056 573 4111 roh.
591 4057 646 4109 151.
670 4056 743 4110 ortu.
757 4057 819 4112 hle-t.
833 4058 888 4127 vlt,
901 4061 961 4115 ⁴08.
984 4062 1070 4131 Quint.
1083 4063 1184 4133 Smp‘rn.
1195 4065 1239 4132 Vl,
1249 4066 1310 4119 em.
1359 4089 1360 4093 ¹

212 4148 259 4213 di)
278 4147 425 4199 Schweuek.
438 4145 542 4215 etymol.
559 4145 637 4214 myth.
650 4144 758 4197 hadent.
775 4162 799 4215 p.
814 4146 919 4200 1³2-
935 4148 1163 4216 therela-esser,
1179 4151 1217 4203 eit
1234 4151 1310 4205 heur-

143 4235 221 4300 nrius,
242 4233 306 4286 Lex.
323 4225 394 4287 lion.
411 4251 434 4304 p.
447 4234 527 4299 ratu,
543 4230 708 4301 denoterique
724 4239 798 4300 putet
816 4240 933 4301 „stetim
956 4234 1082 4288 infelicem
1104 4237 1311 4291 munaum-,⁴⁴

144 4322 281 4372 duetorem
298 4320 380 4374 eiteee
396 4320 479 4390 potuit
496 4317 644 4386 Eusebium,
660 4317 702 4371 Pe.
715 4335 756 4372 ee.
769 4317 815 4386 lll,
828 4319 867 4388 11,
879 4318 908 4372 ⁸:
927 4318 1006 4396 nepio
1024 4317 1057 4376 eri
1068 4316 1221 4397 ελςαῆρας
1237 4323 1312 4395 ἕχον

139 4399 328 4482 πρόςβσράν,
340 4401 357 4462 δ’
368 4403 451 4474 δηλοῖ
461 4397 510 4464 τὰς
523 4396 622 4474 ψυχάς.
