2962 4808
643 423 846 524 A

165 614 278 678 ttorum
298 631 434 676 semuum
455 623 625 695 postremus
645 612 751 695 aliquid
774 612 947 677 offensionis
962 614 1052 678 trabet
1070 623 1192 696 propter
1211 612 1324 695 produ·

165 716 292 779 ctionem
308 735 342 777 ex
357 715 506 798 positione
521 715 645 797 syllabae
660 725 828 797 postremae
844 716 873 778 in
888 712 1053 794 τοκεῦσιν,
1074 735 1140 780 cum
1161 715 1255 778 littera
1269 734 1324 797 pa·

165 817 310 899 ragopica,
329 817 409 897 ηιιοδ
425 835 518 897 genus
535 817 736 898 productionis
753 819 782 880 in
798 818 891 901 quarti
907 819 990 900 pedis
1005 817 1081 882 tiresi
1096 837 1114 880 a
1128 818 1215 881 bonis
1230 817 1325 900 poetis
1353 823 1359 839 ·

166 939 226 984 non
240 920 354 983 admitti
369 921 463 983 solere
478 921 646 984 Gerirardus
661 921 839 996 observavit,
855 921 945 985 Lectt
960 922 1095 1003 dpoiion.
1111 941 1140 1003 p.
1158 922 1216 984 155
1227 920 1266 998 ³).
1297 919 1325 981 ts

166 1021 252 1104 igitur
265 1022 373 1103 corrigi
389 1042 507 1087 versum
523 1023 553 1086 in
568 1024 647 1087 irone
661 1026 784 1087 ruodum
800 1023 899 1098 soluit,

265 1126 338 1210 ρεῐα
360 1122 463 1214 φέρει,
486 1119 607 1190 παισίν
627 1147 665 1190 τε
685 1118 819 1190 τοκεῦσί
839 1146 876 1189 τε
896 1121 996 1201 κῦδος
1018 1117 1148 1203 ὀπάζει.

167 1226 363 1309 improspere,
383 1239 416 1291 ut
429 1229 591 1292 iidtzedius
605 1230 658 1303 ait,
673 1231 709 1293 de
724 1230 840 1291 emend.
856 1229 952 1310 theog.
968 1227 1036 1290 iles.
1052 1247 1082 1309 p.
1095 1227 1146 1289 23.
1176 1225 1324 1308 Ego'qni·

166 1331 247 1407 ιΙειιι,
266 1331 316 1412 qui
339 1331 367 1393 in
387 1331 475 1394 bonis
494 1332 591 1416 poetis
607 1333 687 1398 hunc
702 1332 874 1414 theogoniae
889 1331 1120 1414 compositorem
1136 1349 1196 1392 non
1213 1328 1325 1392 tranen·
1350 1387 1352 1392 .

166 1434 236 1497 dum
251 1454 318 1497 esso
333 1434 471 1510 indicem,
491 1435 577 1499 etiam
594 1455 710 1499 remoror
727 1437 827 1500 minus
843 1445 921 1499 recte
936 1437 1044 1498 taetrum
1060 1433 1136 1498 iraud
1152 1452 1238 1514 aegre
1253 1431 1326 1494 tole-

166 1557 272 1614 rarem,
287 1538 344 1601 nisi
360 1558 408 1600 me
424 1550 562 1615 rrtoveret,
577 1540 656 1621 quod
668 1536 817 1603 τοκεῦσιν
831 1560 898 1603 eum
913 1541 1005 1603 littera
1018 1538 1191 1621 parngogica
1206 1537 1234 1599 in
1247 1537 1327 1600 nrtn

166 1641 266 1703 codice
281 1640 488 1721 scriptumest,
502 1643 553 1704 sed
569 1650 721 1724 comparet
732 1643 860 1724 primum
876 1643 906 1706 in
921 1643 1049 1705 editione
1064 1640 1234 1716 Trincaveii,
1250 1641 1327 1702 unde

167 1742 197 1806 iu
212 1753 323 1806 ceteras
338 1744 475 1805 manauit.
505 1743 629 1806 Codices
644 1745 774 1827 plerique
787 1736 921 1810 τοκεῦσί
934 1765 983 1823 τε,
1004 1745 1063 1808 ‹iuo
1079 1752 1176 1807 autem
1194 1739 1326 1807 τοκεῦσι

168 1840 205 1909 δέ
223 1845 373 1920 calcitrent,
398 1845 590 1926 quamobrem
610 1865 711 1910 uemm
732 1867 799 1911 esse
817 1857 905 1929 puto,
929 1849 1009 1928 qnod
1034 1865 1102 1910 eum
1123 1845 1327 1928 resupnum

167 1945 333 2028 Lennepius
348 1948 436 2021 dedit,

269 2048 342 2132 ῥεῖα
363 2042 457 2134 φέρει
480 2040 603 2133 χαίρων
623 2069 669 2126 τε,
691 2046 821 2113 τοκεῦσι
845 2043 883 2112 δέ
906 2045 1005 2125 κῦδος
1026 2041 1157 2126 ὀπάζει.

168 2147 338 2212 Subiectum
365 2149 574 2211 enuntiationis
595 2151 659 2212 soto
684 2148 836 2232 participio
856 2144 992 2234 νικήσας
1016 2150 1173 2214 indicatur:
1199 2149 1245 2224 is,
1268 2148 1328 2230 qui

167 2251 268 2314 uicit:
290 2251 539 2330 quenradmodnm
559 2251 712 2333 participia
732 2251 797 2313 sine
815 2251 937 2314 articulo
953 2252 1041 2314 etiam
1062 2252 1091 2313 in
1111 2251 1239 2333 pedestri
1259 2269 1328 2312 ora·

131 2360 148 2408 n
168 2354 247 2416 tione
267 2371 479 2434 nonnunquam
500 2353 636 2434 usurpari
655 2352 801 2426 aidoneus,
826 2355 902 2416 seint
925 2352 1003 2436 opud
1023 2353 1139 2435 ipsium
1166 2353 1195 2414 in
1215 2352 1330 2421 Andoe.

168 2463 197 2534 1.
213 2459 265 2521 tt:
279 2450 336 2520 καί
360 2448 394 2519 έν
407 2447 526 2540 Ἀρείῳ
548 2448 657 2541 πάγην,
679 2448 715 2519 έν
735 2451 782 2543 τῷ
803 2448 993 2543 σεμνοτάτῳ
1009 2448 1222 2543 δικαστηρίῳ,
1246 2447 1328 2537 ὁμο-

166 2556 273 2643 λογῶν
293 2551 354 2640 μέν
376 2549 505 2621 άδικεῖν
524 2549 735 2643 ἀποθνήσκει
753 2593 808 2619 -.
829 2559 975 2622 Plutarch.
992 2560 1029 2622 dc
1048 2578 1149 2622 aurore
1163 2558 1238 2640 prol.
1254 2577 1279 2620 e.
1293 2559 1328 2619 t:

169 2652 319 2744 ἄμπελον
333 2652 506 2747 ἰσημερίας
521 2652 651 2746 έαρινῆς
665 2654 813 2744 σκάψας,
836 2656 1067 2746 μετοπωρινῆς
1082 2653 1246 2746 ἐτρύγησε.
1284 2660 1326 2723 id.

167 2764 204 2827 de
224 2765 312 2829 incid.
332 2775 361 2827 et
380 2764 428 2826 od.
450 2783 475 2826 e.
496 2763 530 2824 λε
555 2757 612 2826 καί
639 2753 839 2826 ἀδικεῖσθαι
862 2756 1017 2840 δόξαντες
1038 2754 1134 2827 αὐτοί
1157 2756 1326 2851 πεφύκασι

167 2869 285 2950 μισεῖν.
323 2867 366 2929 ct.
382 2866 484 2930 diutttr.
500 2885 544 2947 gr.
560 2886 603 2948 gr.
619 2872 649 2943 1.
660 2866 720 2928 ttt
738 2877 800 2930 not.
815 2877 845 2929 et
858 2885 933 2949 quae
943 2865 1113 2929 tt'etekerus
1129 2865 1278 2946 congessit
1291 2867 1328 2930 ad

167 2969 330 3052 Titeognid.
344 2989 372 3031 ν.
388 2970 445 3033 161
463 2989 491 3051 p.
504 2969 555 3032 115.
896 2971 898 2975 ’

253 3071 349 3136 Porro
366 3071 400 3135 iis
416 3090 534 3154 quoque
549 3071 654 3135 licente
670 3070 806 3153 prodest,
826 3072 877 3154 qui
892 3080 942 3135 md
956 3071 1039 3154 equis
1055 3071 1213 3149 uoluuntur,
1234 3081 1285 3137 aut
1298 3071 1328 3136 io

169 3174 243 3241 mori
258 3175 366 3240 uictum
382 3186 537 3258 cluserunt,
552 3184 602 3238 nut
616 3173 731 3238 verratui
748 3194 868 3257 operam
883 3176 962 3250 dnm,
978 3195 1004 3237 v.
1017 3175 1210 3240 tto-tta:

270 3273 376 3366 ε’σδλη
400 3271 433 3343 δ’
455 3271 623 3367 ίππηίεσσι
644 3273 858 3365 παρεστάμεν
878 3265 931 3356 οἷς
951 3270 985 3342 κ’
1007 3273 1155 3368 έδέλησι,
1186 3281 1189 3287 ’

270 3379 327 3448 καί
349 3385 420 3462 τοῖς
442 3373 479 3448 άί
498 3380 637 3474 γλαικην
659 3377 890 3472 δυσπέμφελον
911 3375 1113 3471 ἐργάζονται,

271 3479 419 3568 adpotum
442 3483 476 3555 δ’
495 3483 652 3580 Ἲίκάτηῡ)
676 3483 734 3556 καί
755 3481 924 3576 ἒρικιίπῳ
942 3478 1166 3577 Ἐννοσιγαίῳ.
1243 3536 1245 3538 ψ

272 3586 408 3679 ῥηϊδίως
430 3586 463 3658 δ’
486 3585 588 3682 άμρην
609 3589 710 3681 κυδρή
734 3588 818 3670 θεὸς
839 3582 960 3658 ιίίπασε
982 3586 1119 3679 ποί-λη’ν,

271 3696 345 3779 ῥεῖα
367 3687 400 3759 δ’
423 3687 579 3783 άφείλετο
600 3689 801 3783 φαινομένην
822 3689 989 3761 ἐθέλουσά
1012 3715 1048 3778 με
1068 3697 1182 3780 deprigi.

171 3787 294 3882 Ἐσθλή
309 3797 369 3872 iric,
382 3807 416 3862 ut
429 3818 457 3862 ν.
470 3800 532 3863 135
547 3810 576 3862 et
590 3802 666 3873 111,
688 3798 791 3862 eodem
807 3818 899 3863 sensu
914 3799 1032 3874 dicitur,
1053 3817 1112 3881 quo
1127 3801 1203 3881 apud
1220 3799 1331 3862 Home·

174 3918 239 3961 rum
255 3899 309 3964 ot.
325 3901 398 3977 xii,
413 3894 615 3977 2113,έσ51.ιο’
636 3918 691 3967 τοι
704 3893 845 3987 τούτων’
866 3896 1082 3989 ἐπαμύντορε,
1105 3912 1216 3968 etcum
1231 3902 1331 3966 inteni-

175 4067 372 4078 ——------.
383 4070 469 4080 ..ι-

243 4168 269 4233 5)
283 4167 321 4220 Cf.
331 4168 358 4221 (L
367 4170 398 4222 d.
407 4169 425 4221 1.
437 4167 574 4221 iiotirucuu.
588 4175 696 4238 qucestt.
710 4167 810 4222 iiomer.
820 4167 830 4222 1
841 4187 866 4239 p.
880 4168 937 4221 too.

242 4254 267 4319 111
280 4255 327 4322 Qui
339 4256 459 4322 digamum
472 4253 643 4308 oblitteratum
651 4270 728 4322 segre
738 4255 812 4320 terat,
824 4255 906 4325 possit
915 4255 1057 4309 rescribere
1069 4247 1215 4327 ιδχόμενοι
1225 4247 1332 4328 Ἑκάτη,

174 4348 203 4393 ut
212 4355 236 4392 ν.
245 4339 295 4393 its
307 4336 443 4408 κικλήσκει
452 4333 577 4408 Ἑκάτην.
599 4341 637 4395 Gt.
649 4341 730 4410 diepa.
742 4341 774 4393 ud
786 4340 815 4394 11.
830 4349 889 4394 tom.
902 4339 947 4395 Vii
959 4357 983 4411 p.
993 4340 1049 4394 tta.
1073 4340 1174 4394 lituos.
1187 4339 1261 4394 urae.
1273 4340 1331 4392 erit

174 4425 267 4495 ptos.
279 4427 296 4479 t
308 4424 389 4493 11111,
401 4433 428 4478 et
439 4441 472 4478 ex
482 4426 563 4479 atter·
574 4433 646 4496 purte
659 4428 778 4496 Spitaoer
789 4429 820 4480 dc
831 4443 900 4481 vers.
912 4428 966 4480 her.
978 4445 1003 4498 p.
1016 4426 1073 4480 us.
1092 4459 1094 4463 π
