2962 4808
193 648 264 692 nom
278 627 450 709 Cupidinem
470 645 538 689 esse
558 627 745 700 memorarit,
765 626 846 688 addit
864 625 1002 708 deinceps
1018 627 1055 690 de
1070 628 1215 692 natalibus
1230 629 1294 693 eius
1309 629 1356 693 dei

191 750 331 814 perquam
352 730 481 792 diversas
501 748 569 791 esse
589 729 743 791 hominnm
760 728 931 809 opiniones,
952 748 1044 810 quum
1060 731 1190 813 plerique
1203 750 1271 794 eum
1287 742 1358 796 natu

193 832 344 896 minimum
361 843 389 893 et
404 832 523 894 Veneris
540 831 630 893 diium
647 832 766 903 iaciant,
783 831 857 894 (lien
873 831 985 913 liniq-ta
999 843 1102 896 natum
1118 834 1282 917 perhibeat,
1298 835 1357 897 ile·

192 936 295 998 siodus
315 945 417 997 contra
437 936 571 997 omniurn
591 934 829 1015 antiquissimum
845 933 935 1009 dicat,
955 935 1078 1016 Sappho
1094 937 1223 1018 deniqne
1237 937 1314 1000 varia
1329 947 1360 1000 et

192 1037 268 1099 inter
287 1055 319 1097 se
335 1035 493 1117 qurgnantia
509 1046 607 1109 nanat3
628 1035 696 1117 qnid
712 1045 809 1098 auum
826 1036 1061 1119 Thespiensiims
1076 1040 1171 1102 risum
1187 1040 1242 1114 sit,
1257 1040 1358 1120 vulga·

192 1140 255 1202 rine
275 1138 425 1221 opinioni,
445 1159 482 1202 an
498 1139 596 1213 Oleni,
615 1158 653 1201 an
669 1139 799 1201 Hesiodo
816 1140 1010 1216 assenserint,
1030 1142 1058 1204 id
1074 1162 1200 1224 prorsus
1216 1143 1245 1205 in
1261 1142 1358 1206 medio

193 1241 338 1324 relinquit
369 1245 451 1318 Quae
477 1251 574 1306 autem
597 1241 663 1304 aliisi
683 1242 720 1303 de
738 1241 839 1328 (liniris
858 1244 968 1325 irprnno
989 1246 1171 1320 referuntur,
1198 1263 1259 1308 non
1280 1245 1358 1327 apud

193 1346 392 1429 Tirespionses
411 1366 480 1409 mim
501 1348 553 1409 sed
573 1346 650 1428 apud
665 1345 764 1409 ilelios
784 1356 933 1411 cantatum
954 1367 1021 1411 csse
1036 1350 1250 1412 demonstrem„
1280 1348 1360 1411 Pau·

194 1468 256 1513 san.
272 1448 350 1523 i'iil,
371 1449 426 1524 21,
448 1449 483 1511 2:
517 1443 649 1527 Λόκιος
671 1440 769 1536 Ὠληῗν
795 1441 1008 1537 ἀρχαιότερος
1034 1448 1094 1539 τὴν
1121 1443 1254 1540 ἡλικίαν
1281 1451 1360 1531 (scil.

195 1576 282 1637 quam
298 1556 461 1632 lions-rus)
483 1547 626 1640 Δηλίοις
647 1546 767 1635 όμνοος
788 1548 846 1617 καὶ
869 1544 1046 1635 dttmeeq
1069 1550 1219 1641 ποιήσας
1240 1548 1299 1618 καὶ
1314 1546 1363 1631 εἷς

194 1651 407 1734 Εἰλείθυιαν,
436 1648 564 1720 elioda
589 1678 625 1722 rc
647 1649 748 1744 αι’·την
770 1649 939 1736 ιίναιαλεί,
969 1656 1070 1746 δῆλον
1092 1651 1138 1736 dg
1159 1656 1199 1746 τῇ
1221 1677 1361 1742 πεπρω-

195 1756 275 1847 μένη
298 1757 357 1848 την
378 1751 490 1846 alep,
519 1755 578 1823 καὶ
599 1753 729 1845 Κρόνοιο
751 1755 979 1846 πρεσβιτίραν
993 1756 1096 1850 φησίν
1118 1748 1214 1826 είναι.
1252 1762 1325 1824 item
1340 1761 1362 1835 i,

202 1865 254 1935 iS,
270 1867 304 1927 5:
345 1857 470 1928 Θίοιαι
490 1857 528 1927 ὀί
550 1856 730 1952 Eitaneiq
752 1859 874 1950 Aridior
898 1861 957 1929 καὶ
978 1859 1079 1947 όμνον
1101 1855 1243 1951 ίηίδοοσιν
1261 1856 1358 1952 Ὠλῆ-

199 1989 262 2046 νος.
292 1967 432 2031 l'ideruus
452 1977 549 2031 antem
565 1968 687 2032 (lienem
704 1968 786 2031 illum
807 1969 843 2032 de
858 1969 968 2052 ilithyia
989 1989 1131 2054 perquam
1151 1971 1265 2036 diversa
1282 1989 1298 2034 a
1314 1990 1363 2034 oe·

200 2083 330 2136 tororum
353 2071 543 2154 opinionibus
563 2073 718 2145 cecinisse,
745 2091 872 2154 equorum
892 2093 984 2156 quum
1005 2074 1135 2157 plerique
1154 2095 1218 2139 earn
1238 2074 1315 2138 loris
1335 2084 1365 2138 et

201 2175 321 2240 iunonis
343 2175 430 2239 tiliam
451 2176 615 2252 crederent,
634 2176 681 2240 alii
701 2195 768 2240 cum
789 2176 878 2240 iliana
897 2187 947 2241 aut
966 2177 1053 2240 etiam
1072 2197 1139 2241 cum
1160 2179 1273 2242 lunone
1289 2195 1364 2241 con·

200 2281 370 2352 funderent,
385 2279 430 2342 iiie
444 2280 573 2362 priorem
590 2280 658 2343 iecit
673 2282 815 2356 Saturno,
831 2282 860 2344 ir.
873 2303 897 2344 e.
915 2301 1004 2345 unam
1019 2302 1054 2344 ex
1065 2283 1127 2345 deis
1139 2282 1364 2364 antiquissimis,

200 2384 250 2467 qui
269 2392 336 2446 ante
352 2383 471 2445 Titanes
491 2383 611 2458 luerint,
631 2403 759 2464 quinum
775 2386 908 2448 onmium
931 2384 1002 2465 quin
1025 2386 1235 2466 cosnrogonica
1251 2386 1365 2467 signill-

200 2488 275 2550 catio
290 2486 343 2560 sit,
363 2484 488 2548 dniritari
503 2504 565 2548 non
580 2496 688 2568 potest
717 2488 793 2551 uixit
807 2508 899 2570 porro
915 2508 978 2551 eam
995 2479 1134 2563 ιίίλινον,
1150 2491 1229 2571 quod
1246 2491 1367 2554 sirecte

201 2589 360 2653 Pausanias
379 2590 585 2671 inteqiretatus
604 2601 664 2664 est,
683 2587 783 2677 δῆλον
808 2582 855 2667 aig
880 2587 921 2677 τῇ
950 2584 1150 2677 πεπρωμένῃ
1173 2584 1366 2679 miserrimis,

200 2715 264 2757 eam
285 2694 330 2756 iile
351 2693 435 2756 deam
457 2691 599 2775 liitlrpiam
621 2694 802 2767 inionnarit,
822 2714 896 2776 quae
915 2694 992 2756 inter
1011 2692 1073 2774 ipsa
1094 2696 1245 2757 nascentis
1264 2695 1367 2759 mnndi

132 2803 135 2808 '
203 2799 283 2862 initia
303 2798 397 2877 legem
417 2798 507 2860 rebus
529 2798 635 2860 luturis
651 2798 833 2881 irrodmnqnu
848 2798 1028 2881 praefiniet,
1046 2796 1130 2878 quasi
1145 2800 1294 2879 quandam
1309 2797 1369 2886 τῆς

149 2916 182 2970 ιι
204 2897 365 2986 κοσμικῆς
391 2894 546 2985 γενέσεως
567 2893 774 2989 εἱμαρμένην,
796 2913 828 2965 ut
847 2903 887 2966 ait
902 2901 1062 2965 Heraclitus
1081 2900 1163 2980 alleg.
1179 2901 1266 2964 iiom,
1279 2922 1304 2965 c.
1317 2903 1368 2979 48,

201 3007 287 3070 cuins
313 3023 471 3088 personam
491 3023 552 3067 non
573 3007 698 3069 muitum
720 3006 865 3068 diversam
885 3024 952 3067 esse
970 3013 1094 3086 apparet
1111 3003 1148 3066 ab
1167 3024 1215 3077 ea,
1243 3024 1330 3087 quam
1351 3027 1368 3069 a

202 3108 375 3172 Parmenide
395 3107 438 3169 rel
469 3109 497 3169 Γ
495 3101 600 3171 irenae
627 3109 668 3171 rel
687 3100 848 3194 Ἀνάγκην
873 3107 917 3170 rel
940 3099 1048 3194 Δίκην
1068 3105 1111 3167 rel
1134 3098 1305 3188 Πρόνοιαν
1325 3108 1369 3171 rel

204 3204 407 3300 Ἀφροδίτην
425 3212 531 3275 ‹iictarn
552 3233 619 3275 esse
639 3232 730 3294 supra
751 3212 886 3274 ridirnus.
916 3213 1011 3293 dique
1031 3207 1107 3271 sicut
1121 3208 1312 3272 Parmenides
1332 3211 1369 3274 ab

203 3317 258 3378 irae
277 3314 329 3377 dea
350 3314 479 3396 primunr
496 3314 630 3377 omnium
647 3315 821 3397 Cupidinem
837 3322 1022 3397 prostremam
1038 3332 1105 3374 esse
1120 3311 1205 3385 dixit,
1225 3311 1270 3374 sic
1282 3312 1368 3375 etiam

203 3427 380 3500 personatus
396 3417 443 3480 ilie
454 3417 527 3480 Oion
542 3418 667 3480 eundem
683 3419 812 3500 iiitiqiae
826 3437 897 3481 snae
912 3416 1004 3479 lilium
1021 3415 1100 3489 iecit,
1115 3414 1187 3477 nilril
1202 3413 1288 3489 aliud,
1303 3416 1369 3497 opi-

204 3538 273 3594 nor,
293 3519 475 3601 signillcans,
495 3520 553 3583 nisi
574 3521 632 3582 rim
653 3521 745 3594 iiiam,
766 3540 824 3602 qua
839 3539 929 3602 quum
947 3517 1030 3580 initio
1045 3517 1148 3580 mundi
1163 3517 1371 3592 conformatio,

206 3621 348 3705 copulatis
364 3622 440 3684 inter
454 3642 486 3684 se
501 3641 601 3684 rerum
616 3624 782 3697 elementis,
796 3624 897 3686 edecta
912 3623 1005 3692 esset,
1021 3629 1084 3682 tum
1099 3620 1238 3700 deinceps
1250 3618 1370 3682 sociatis

131 3733 133 3736 ’
206 3724 362 3802 generibus
387 3725 565 3806 perpetuitas
593 3725 692 3787 omnis
714 3744 811 3788 rerum
832 3733 952 3787 naturae
971 3723 1124 3797 niteretur,
1150 3722 1219 3784 iruic
1238 3740 1371 3783 summae

205 3826 273 3906 legi,
294 3846 380 3907 quam
400 3826 509 3908 ilithyia
529 3826 687 3909 pepigerit,
707 3827 849 3906 originem
870 3827 986 3888 elabere.
1001 3859 1043 3872 -
1060 3824 1150 3898 ilaec,
1169 3822 1193 3885 si
1209 3841 1271 3886 non
1286 3822 1372 3903 plano

207 3937 299 4000 certa,
326 3927 406 3989 valde
428 3938 524 3990 tanren
545 3929 708 4010 proirairiiia
728 3934 871 4007 suavi),
894 3947 951 3991 nec
970 3927 1112 3990 rationem
1134 3924 1299 4006 perspicio,
1319 3943 1373 3987 cur

276 4184 325 4247 iiii
344 4185 386 4236 Sic
398 4185 540 4237 certissime
552 4186 725 4257 crapulatione
738 4185 895 4237 scribendum
907 4199 953 4252 pro
965 4183 1034 4249 ιιιΙς.
1047 4181 1093 4233 eni
1105 4174 1207 4237 taron.

277 4271 323 4334 55)
342 4270 437 4322 Stetuit
450 4271 486 4322 eie
498 4270 552 4322 iere
566 4271 642 4323 etiarn
654 4273 811 4336 Crenaee-ue,
829 4271 916 4338 Spinis.
929 4268 966 4335 ii,
982 4267 1088 4336 llSeqq.
1100 4266 1144 4333 IV,
1160 4265 1200 4332 12,
1217 4279 1371 4334 quemquern,

208 4366 238 4409 ut
249 4357 325 4422 solet,
337 4356 408 4409 ieleie
421 4357 566 4425 quibusdan
577 4357 707 4424 ademtis,
721 4373 784 4427 quae
797 4372 862 4409 enne
874 4361 998 4408 excutere
1011 4370 1059 4405 ιιοι
1071 4367 1135 4421 opus
1147 4356 1195 4402 eet.
1207 4376 1242 4387 --
1253 4346 1371 4411 Cotem

211 4459 268 4497 nau
280 4451 384 4513 praeter
395 4441 499 4495 (lienem
510 4443 554 4495 eiii
566 4458 663 4511 quoqne
675 4442 798 4514 ilithime
814 4441 852 4494 eie
869 4442 949 4494 totins
961 4440 1046 4494 nundi
1057 4435 1180 4492 creationi
1192 4433 1371 4505 praefecerint,
