2962 4808
82 641 202 718 radices,
217 660 326 709 nonaen
342 648 491 731 accepisse
505 649 656 716 ‹licebatur
677 643 751 714 ἀπὸ
770 643 830 711 τοῦ
853 640 1068 732 rudibundus,
1091 645 1120 709 b.
1133 665 1158 708 c.
1173 664 1190 708 a
1206 644 1250 708 si·

83 744 237 821 mutando,
258 749 336 830 quod
353 750 392 813 ibi
407 770 440 813 se
459 752 537 815 itbea
556 772 612 836 pro
627 771 720 836 prtero
740 750 866 833 lapidem
887 749 1003 813 enixam
1023 769 1091 812 esse
1109 749 1249 812 simulas·

82 851 198 927 set³⁴).
233 850 270 913 Et
290 851 360 915 civis
381 853 570 935 Scepsiorum
590 855 816 932 Demetrius³³t
835 873 890 935 pro
911 853 1003 935 patria
1028 872 1080 916 sua
1106 853 1248 916 adsersus

81 949 234 1015 Cretenses
248 954 308 1017 boc
322 954 447 1018 maxime
460 969 634 1038 argumento
650 957 805 1040 pugnabat,
819 958 898 1038 quod
911 958 1009 1038 bircae
1024 956 1120 1020 cultus
1135 956 1173 1019 ab
1189 956 1248 1019 ini·

82 1054 123 1117 tio
139 1054 177 1118 itti
193 1056 293 1138 potius
309 1078 395 1140 quant
411 1059 512 1122 Cretae
526 1061 668 1142 proprius
684 1061 796 1124 fuisset
825 1060 961 1123 Addebat
975 1060 1078 1134 etiarn,
1098 1078 1174 1140 quac
1189 1078 1248 1121 no·

82 1157 160 1222 mina
174 1159 308 1223 iocorum
329 1161 359 1222 in
375 1161 478 1225 initulis
494 1162 531 1225 de
545 1162 623 1225 ioris
639 1162 759 1226 infantia
774 1162 900 1225 maxime
915 1162 1146 1234 celebrarentur,
1166 1162 1247 1224 itiam

81 1268 110 1322 et
124 1261 240 1338 Dicten,
260 1282 298 1326 ue
313 1264 385 1328 baec
399 1264 516 1345 quidem
532 1265 634 1329 Cretae
649 1267 772 1348 propria
794 1266 845 1328 sed
867 1265 990 1328 aiterum
1011 1283 1114 1328 corum
1135 1264 1247 1328 montis
1289 1332 1297 1343 ,

81 1385 147 1428 esse
161 1365 191 1429 in
207 1366 335 1443 Troade,
354 1368 476 1431 atterunt
497 1368 553 1432 ioci
568 1369 721 1433 cuiusdam
737 1369 767 1433 in
783 1387 854 1450 agro
870 1368 1072 1450 Serpsioruna.
1103 1368 1179 1430 Sunt
1193 1386 1248 1430 au·

82 1479 140 1533 tent
160 1491 176 1534 e
195 1471 409 1535 recentioribus
426 1490 544 1553 quoque
562 1471 618 1534 siri
632 1471 875 1549 doctissinri³.⁰),
894 1471 943 1552 qui
966 1470 1091 1533 Catoniana
1111 1470 1189 1533 iiiarn
1210 1470 1248 1531 dc
1268 1482 1296 1535 tt

81 1572 159 1634 ioris
175 1572 335 1650 natatibus,
354 1575 508 1655 ipsamque
526 1574 599 1636 adeo
621 1575 789 1655 religionem
810 1574 898 1637 buius
913 1573 975 1645 dei,
995 1591 1056 1635 non
1071 1593 1087 1636 a
1103 1571 1250 1656 principio

81 1675 268 1740 Cretensibus
283 1676 453 1759 propriam,
474 1677 525 1738 scd
541 1696 576 1739 ex
588 1677 657 1740 dsia
678 1677 826 1739 adnectam
847 1675 939 1738 brisso
959 1675 1094 1749 credant,
1116 1675 1171 1738 bac
1185 1693 1251 1736 naa·

81 1776 159 1838 xirne
174 1778 287 1841 rationo
301 1777 443 1859 permoti,
458 1779 538 1860 ‹puod
554 1779 688 1853 Curetes,
704 1796 833 1858 cruorum
849 1795 973 1857 magnae
987 1787 1015 1838 et
1029 1777 1059 1839 in
1070 1778 1184 1859 portendi
1201 1777 1250 1839 io·

83 1877 127 1939 vis
143 1880 338 1942 nutricationc
357 1888 387 1942 et
408 1879 437 1941 in
458 1879 650 1958 religionibus
670 1887 769 1961 partes
788 1879 862 1950 sint,
882 1877 919 1940 ab
940 1877 1053 1957 origine
1072 1897 1134 1940 non
1149 1878 1252 1940 Cretes

83 1981 135 2043 scd
151 1980 281 2062 Phryges
302 1981 393 2044 brisso
408 1982 571 2045 videantur.
600 1981 669 2045 biibi
686 1991 785 2044 tannen
800 1979 1020 2043 accuratissima
1036 1979 1173 2043 Lobcckii
1188 1979 1252 2041 dis·

20 2159 21 2162 Ἴ
81 2083 256 2163 putatione³
268 2087 296 2162 ἲ)
318 2092 432 2147 tanturn
452 2092 530 2147 oerte
550 2085 686 2146 edoctum
707 2083 835 2154 ridetur,
860 2089 894 2144 ut
912 2081 949 2143 dc
969 2081 1092 2162 Phrygia
1111 2083 1251 2144 Curetum

83 2186 197 2266 origine
212 2186 345 2250 dubitare
360 2187 452 2258 liceat,
469 2185 652 2268 proniortptc
663 2205 730 2247 snm
748 2184 854 2247 incarn
866 2183 1051 2257 sententiam,
1064 2193 1099 2245 ut
1110 2183 1139 2245 in
1151 2182 1252 2246 tisiam

83 2289 220 2352 translata
235 2290 313 2353 lovis
333 2288 507 2353 incunabula
530 2296 593 2351 turn
614 2289 734 2351 demum
755 2308 822 2350 csse
843 2288 976 2361 credam,
995 2296 1154 2368 postquam
1170 2286 1252 2349 ilbea

83 2393 261 2456 Graecorum
282 2411 350 2456 cum
371 2391 474 2473 Cybele
499 2412 524 2455 s.
545 2410 651 2472 niagno
671 2400 765 2452 matre
784 2408 803 2491 ζ
820 2388 909 2472 Lyciis
930 2400 959 2453 et
979 2390 1144 2472 Phrygibus
1164 2389 1251 2463 culta,

83 2496 263 2577 Curetesque
283 2492 387 2556 Cretici
413 2513 480 2556 cunr
500 2494 635 2576 Phrugis
655 2490 870 2576 Corybantibus
894 2492 1036 2556 contundi
1061 2492 1157 2575 coeliti
1181 2492 1251 2555 sint.

83 2599 218 2661 Ceterum
245 2598 365 2659 Curetes
390 2596 476 2657 etiam
502 2597 532 2659 in
556 2597 638 2660 Elide
662 2606 692 2660 et
709 2595 853 2659 bicsscnia
874 2594 950 2658 ioris
975 2595 1086 2678 parsuli
1112 2595 1251 2657 custodes

83 2700 175 2764 tuisse
195 2699 382 2773 dicebantur,
402 2698 453 2760 sed
473 2700 557 2762 acciti
578 2720 595 2763 a
616 2709 709 2763 matre
729 2721 764 2764 ex
785 2701 885 2764 Creta:
905 2699 949 2762 sic
967 2699 1046 2760 eninr
1067 2697 1128 2761 Etei
1147 2716 1251 2761 narra-

82 2802 174 2866 bant³
185 2804 229 2880 ⁸),
250 2819 305 2862 neo
320 2800 483 2863 Messenios
495 2801 578 2864 aditor
593 2802 733 2864 statuisse
749 2802 885 2866 credibiie
900 2811 956 2864 est.
987 2801 1045 2864 Sed
1062 2800 1131 2864 iliud
1147 2810 1250 2863 custo-

82 2909 145 2970 diae
160 2924 269 2970 nrunus
282 2906 348 2986 quis
363 2905 480 2986 primus
495 2905 650 2968 Curetibus
662 2904 862 2986 adscripserit,
873 2922 934 2966 non
951 2902 1045 2965 habeo
1057 2902 1163 2965 dicere.
1190 2902 1250 2964 tte·

83 3010 186 3072 siodus
198 3009 316 3091 quidem
333 3010 363 3070 in
378 3009 535 3090 theogonia
550 3009 732 3071 mentionem
748 3008 811 3072 cius
826 3025 887 3071 non
904 3007 978 3081 tacit,
993 3024 1088 3087 neque
1102 3005 1251 3086 antiquio·

82 3131 144 3173 reru
159 3111 201 3174 rei
223 3118 371 3172 auctorem
392 3110 475 3173 citari
495 3112 630 3186 ntemini,
651 3130 738 3190 quam
755 3111 901 3192 0rpbicae
918 3108 1093 3190 tbeogoniae
1115 3117 1251 3189 poetam:

83 3231 261 3293 quamquam
282 3230 319 3272 ne
339 3211 375 3273 de
394 3212 452 3274 hoc
466 3213 585 3294 quidem
600 3212 672 3275 satis
688 3213 850 3292 liquem).
880 3212 939 3275 Sed
956 3214 1095 3293 frequens
1109 3210 1250 3273 Cureturu

82 3314 230 3377 custodiae
245 3312 356 3375 mentio
372 3314 449 3394 apud
465 3314 645 3377 recentiores
664 3324 709 3376 est
723 3314 792 3377 inde
806 3313 844 3376 ab
858 3315 963 3377 doato:
983 3330 1079 3394 neque
1094 3312 1251 3394 quisquam

81 3418 191 3479 boturn
212 3416 278 3479 idos
293 3432 354 3476 uon
376 3416 478 3479 Cretae
498 3415 611 3478 insulae
626 3415 764 3496 assignat
795 3415 926 3478 Omnino
945 3424 1044 3477 autem
1064 3413 1192 3477 Creticae
1213 3414 1252 3475 de

82 3518 158 3581 ioris
178 3517 297 3580 infantia
319 3515 430 3580 tabulas
450 3517 607 3580 maximam
623 3516 701 3598 apud
717 3535 822 3579 omncs
838 3515 1041 3580 attendentem
1061 3525 1163 3579 nactas
1183 3535 1253 3578 csse

82 3620 224 3684 ridemus.
258 3619 404 3700 Reliquis,
428 3619 454 3683 si
479 3620 516 3683 ab
535 3620 602 3683 unis
621 3618 772 3684 Arcadiis
791 3618 978 3695 discesseris,
1004 3618 1051 3680 rix
1075 3617 1142 3681 aiibi
1161 3637 1251 3700 quatu

83 3723 161 3807 apud
177 3742 249 3785 suos
265 3741 400 3805 quosque
413 3723 572 3807 populares
588 3723 661 3787 sides
677 3723 775 3787 habita
790 3732 850 3786 est:
869 3732 899 3786 et
917 3732 988 3785 sunt
1007 3741 1079 3786 saue
1093 3723 1254 3805 pleneque

219 3915 382 3924 -.-ο-..φ-

152 4024 195 4090 dd)
208 4025 294 4093 Stcpb.
308 4024 369 4094 Byz.
382 4041 403 4076 ι.
415 4040 440 4076 ν.
452 4023 574 4093 Excipis.

153 4110 196 4177 35)
209 4112 280 4180 dpnd
300 4112 459 4179 Strabonem,
470 4110 496 4165 Χ
509 4128 533 4180 p.
542 4109 593 4163 did
607 4108 675 4175 (365.
688 4108 726 4173 C).

153 4198 196 4264 33)
210 4198 305 4252 Hoeck.
318 4198 387 4252 Cret.
399 4199 408 4250 1
420 4217 445 4269 p.
455 4199 506 4252 230
517 4215 572 4269 sqq.
596 4197 634 4250 Cf.
646 4205 674 4249 et
685 4195 761 4250 Voss.
773 4194 849 4263 epist.
862 4196 941 4265 myth.
953 4193 986 4248 111
998 4210 1023 4264 p.
1036 4194 1068 4248 tu
1079 4203 1107 4249 et
1118 4195 1196 4265 pu.

152 4285 196 4352 3ἷ)
209 4287 332 4355 dgiaopb.
345 4303 368 4355 p.
385 4284 569 4339 tttt-ttts.
752 4285 757 4294 ’

151 4370 194 4439 38)
207 4372 315 4426 rauna.
326 4370 359 4439 V,
372 4374 396 4430 i.
408 4373 434 4424 t.

151 4458 194 4522 33)
208 4458 265 4513 Vid.
278 4458 388 4512 Lobecb.
401 4457 459 4525 rigi.
472 4472 498 4526 p.
507 4457 566 4510 stt.
580 4457 628 4508 541
643 4465 670 4509 st
684 4456 759 4509 tttt.

127 4544 161 4608 ii.
