2962 4808
619 377 820 475 ...HL

137 567 185 629 ulit
206 565 298 629 villeri
319 572 518 649 passuum).
552 567 619 631 Nou
639 589 709 632 sane
729 567 914 632 laudabimus
941 576 1001 629 loru
1021 564 1179 628 obscuram
1201 563 1308 646 stirpis

136 669 365 752 euqmsitiouem3
386 672 438 734 secl
458 671 670 754 ignoscentium
691 686 789 737 tannen
809 675 934 736 tortasse
958 681 1061 755 poetae
1083 669 1255 743 tuebimur,
1279 667 1306 731 si

138 774 218 857 parri
229 775 338 839 referre
353 775 497 852 iudicarit,
513 777 582 859 quill
600 778 637 841 ele
649 780 758 842 trorum
771 789 975 841 rrionstrorum
992 775 1067 839 iuter
1082 795 1115 838 se
1127 773 1306 855 cognatione

137 888 326 957 statueretur,
346 879 503 960 dequibus
523 881 587 944 sinc
605 882 695 945 elrrbio
715 901 753 946 ue
777 881 832 964 ipsi
853 880 971 962 eprielem
993 880 1066 943 satis
1087 877 1257 952 cerastabat,
1275 887 1304 938 et

138 1000 267 1063 quorum
283 983 593 1047 commemorationem
610 1002 671 1047 nou
687 993 810 1066 propter
825 982 950 1065 aliquam
971 982 1142 1063 religionum
1161 992 1208 1044 aut
1229 998 1305 1062 pro·

139 1095 204 1169 pter
228 1087 406 1151 recorulitam
431 1088 575 1170 quamlam
601 1087 845 1169 significationem
872 1086 993 1150 mummi
1023 1086 1160 1161 inseruit,
1189 1085 1241 1146 seu
1267 1103 1306 1146 ue

138 1190 345 1272 praetermissa
361 1191 548 1274 culparentur
563 1201 608 1255 tot
622 1191 762 1255 celebrata
784 1191 887 1254 sabulis
901 1190 1036 1265 neurim,
1056 1210 1130 1273 quac
1144 1189 1181 1252 ab
1197 1186 1305 1251 buius·

139 1293 220 1356 renodi
235 1295 363 1357 carmine
378 1296 570 1377 tlreogonico,
591 1316 650 1378 quo
670 1296 706 1359 ael
727 1295 966 1377 cognoscundum
987 1302 1081 1357 totum
1102 1291 1241 1355 salrubuis
1257 1290 1305 1353 bi·
1334 1371 1336 1374 y

139 1397 247 1461 storiae
262 1398 363 1462 orbem
379 1397 462 1479 quasi
478 1399 572 1463 aditus
585 1408 747 1483 pararetur,
762 1399 865 1461 abesse
880 1399 965 1481 plane
976 1416 1036 1460 uon
1048 1406 1194 1479 poterant
1221 1396 1306 1458 llam·

139 1501 178 1564 ob
198 1521 317 1566 causam
338 1501 424 1565 etiam
445 1502 595 1584 interpreti
616 1500 755 1565 cararinis
775 1501 856 1564 reatin
879 1520 940 1564 nou
961 1499 1166 1581 elongabitur,
1191 1498 1215 1561 si
1240 1517 1305 1562 nou

140 1606 209 1688 plus
225 1625 258 1668 se
273 1625 359 1687 quam
376 1605 474 1687 ipsum
491 1615 607 1687 poetam
623 1603 697 1667 scire
712 1605 900 1685 profiteatur,
919 1623 1014 1686 neque
1033 1603 1069 1666 acl
1086 1613 1195 1666 certam
1210 1622 1307 1684 quau·

141 1709 208 1772 elsim
228 1708 372 1773 rationem
392 1726 528 1770 revocare
548 1716 671 1771 conetur
689 1707 863 1770 huiusmodi
888 1708 1042 1789 figmenta,
1066 1725 1142 1788 quae
1161 1705 1231 1787 quill
1250 1705 1308 1769 sibi

142 1811 246 1874 uellent
266 1819 295 1873 et
314 1829 387 1893 quae
402 1810 506 1893 cuique
525 1809 699 1891 significatio
720 1809 857 1874 subesset
872 1828 966 1892 neque
981 1828 1064 1883 eum,
1084 1809 1169 1873 cuius
1189 1827 1309 1872 caurien

141 1913 197 1976 sibi
213 1914 466 1995 interpretandum
482 1913 623 1996 sumpsit,
642 1931 737 1995 neepm
757 1913 830 1976 alios
845 1923 963 1995 potetas,
982 1913 1101 1975 easelem
1118 1912 1231 1975 taleolas
1247 1923 1309 1976 tra·

142 2027 268 2092 ctaates,
287 2015 464 2080 intellexisse
482 2026 531 2080 aut
547 2036 666 2080 curasse
681 2014 783 2080 videat
814 2015 953 2098 Quamvis
968 2014 1046 2077 enim
1063 2033 1238 2096 persuasum
1253 2017 1309 2079 ba·

88 2180 90 2187 .
141 2121 273 2196 beamus,
288 2120 414 2202 primam
429 2118 538 2182 borum
554 2122 761 2200 tigmentorum
773 2138 892 2182 causam
908 2127 995 2199 atque
1010 2118 1154 2199 originem
1170 2128 1309 2200 repeten-

142 2226 209 2287 elam
226 2243 292 2287 esse
306 2243 323 2286 a
338 2222 505 2305 priscorum
521 2222 676 2285 hominum
692 2240 782 2284 sensu
798 2231 886 2302 utque
900 2221 1032 2302 ingenio,
1051 2241 1111 2304 quo
1130 2222 1206 2284 sires
1219 2233 1309 2285 natu·

142 2347 191 2390 rae
205 2346 364 2408 earumque
379 2335 479 2389 motus
495 2335 580 2407 atquc
594 2328 714 2389 ellectus
728 2344 789 2389 non
804 2335 940 2408 poteraut
955 2344 1017 2388 arou
1032 2324 1169 2406 personis
1181 2326 1307 2408 quibus·

142 2433 210 2495 elain
226 2431 362 2507 ineluerc,
383 2441 412 2494 et
428 2449 502 2512 quae
518 2429 659 2492 sentirent
673 2447 734 2492 non
750 2429 871 2513 proprie
885 2430 937 2492 secl
954 2431 1076 2510 ligurate
1090 2439 1119 2492 et
1133 2449 1186 2513 per
1201 2428 1308 2513 imagi·

142 2555 195 2599 nes
215 2533 327 2617 eloqui,
349 2534 463 2598 fallatur
481 2543 580 2597 miracu
600 2533 664 2596 sinc
683 2533 786 2608 drrlrio,
805 2532 831 2595 si
851 2533 918 2614 quis
940 2533 1041 2596 talium
1061 2553 1259 2616 personarum
1279 2544 1309 2597 et

144 2639 303 2722 imaginum
318 2657 417 2701 reram
432 2658 466 2702 ac
480 2637 636 2719 genuinam
652 2636 894 2717 significationem
911 2637 1100 2701 arrraioribus
1115 2638 1151 2700 ael
1167 2648 1308 2719 posteros

143 2743 227 2826 epitasi
248 2762 301 2826 per
321 2761 426 2807 uranus
447 2742 583 2805 traditam
608 2751 638 2802 et
662 2740 812 2804 doctrinae
836 2742 987 2806 cuiuselaru
1014 2742 1138 2806 iorrrurla
1162 2752 1308 2806 serratam

149 2847 295 2930 opinetur.
325 2847 420 2909 Immo
436 2846 522 2926 longe
536 2844 662 2907 maxima
678 2844 838 2908 tabularum
854 2863 939 2928 pars,
959 2864 1050 2927 quum
1070 2857 1169 2910 ortum
1189 2846 1310 2911 iraalreret

145 2951 295 3025 caninibus,
307 2950 356 3032 qui
369 2957 539 3031 supersunt,
552 2947 657 3030 poetis,
667 2948 752 3009 etiam
765 2947 988 3028 antiquissimis,
1000 2947 1095 3010 rrrulto
1107 2950 1310 3025 uetustiorem,

145 3064 302 3135 essentque
321 3052 395 3114 acleo
419 3051 573 3133 pleraeque
594 3068 693 3111 earum
714 3069 776 3113 uon
796 3050 826 3113 iu
846 3050 909 3132 ipsa
930 3051 1048 3112 Graecia
1073 3061 1173 3124 natae,
1198 3053 1251 3114 scel
1273 3073 1307 3115 ex
1328 3076 1347 3125 c

146 3155 252 3236 priscis
272 3154 367 3233 gentis
388 3151 507 3215 sedibus
528 3151 643 3214 Asianis
662 3150 775 3226 allatae,
795 3152 972 3234 procedente
991 3167 1088 3215 autem
1109 3163 1259 3234 teumore,
1279 3165 1312 3219 ut

146 3258 208 3320 lieri
223 3257 312 3331 solet,
332 3255 413 3318 aliter
427 3253 463 3315 ab
477 3253 541 3317 aliis
556 3253 726 3317 immutatae
741 3255 875 3338 uarieque
889 3256 931 3318 rel
945 3255 1019 3319 inter
1034 3276 1066 3318 se
1080 3257 1123 3319 set
1138 3256 1224 3319 etiam
1242 3276 1310 3321 curu

146 3359 309 3442 peregrinis
325 3369 412 3440 atque
427 3357 582 3421 aelscitieiis
598 3357 704 3420 nriutac
719 3367 748 3421 et
766 3360 993 3434 contaminatae,
1013 3368 1125 3422 tantum
1146 3360 1274 3443 denique
1294 3382 1310 3424 a

146 3463 291 3546 primitiva
312 3464 406 3526 sorana
422 3461 648 3545 degenerarunt,
667 3470 701 3525 ut
719 3461 816 3544 prisca
835 3462 1008 3544 signiticatio
1029 3464 1149 3544 agnosci
1168 3483 1231 3528 nun
1246 3485 1312 3528 am·

147 3568 223 3650 plius
238 3579 356 3650 posset,
375 3577 425 3632 aut
439 3567 464 3630 si
480 3568 556 3631 torto
570 3566 731 3630 obscurum
752 3565 897 3647 querulam
912 3568 976 3630 eius
991 3586 1113 3630 sensum
1132 3569 1212 3650 apruei
1231 3587 1311 3632 non·

218 3809 259 3876 13)
276 3810 313 3862 De
330 3809 368 3862 bis
386 3806 500 3861 omnibus
512 3806 563 3857 stu
581 3804 696 3857 bliitzell.
714 3805 745 3857 ‹lc
761 3807 859 3857 emend.
880 3808 915 3858 th.
934 3805 994 3858 lies.
1010 3824 1035 3875 p.
1045 3807 1104 3859 452.
1117 3807 1177 3861 153,
1190 3807 1253 3875 tut,
1269 3811 1313 3878 qui

150 3914 198 3965 qua
211 3897 279 3949 solet
289 3895 419 3962 diligentia
429 3900 545 3946 veterno
557 3907 586 3943 uc
597 3890 763 3942 recentiorum
775 3890 939 3960 interpretum
949 3893 1089 3945 sententias
1101 3899 1315 3950 conns-uomit

152 3982 233 4036 l‘ruea
247 3990 343 4035 motum
359 3982 472 4034 adlendo
483 3985 551 4031 suat.
576 3975 651 4029 ven.
664 3976 714 4027 195
726 3977 802 4029 etiam
815 3977 968 4055 heregrim,
986 3995 1042 4031 cum
1055 3979 1153 4048 liepnio
1170 3989 1198 4033 et
1208 3982 1313 4046 ll'ollio,

150 4085 198 4121 noa
208 4067 271 4122 Ceto
280 4069 325 4121 secl
334 4067 491 4120 Callirrhoen
504 4063 629 4129 designari
641 4062 730 4114 credit
746 4061 778 4115 V.
788 4061 838 4115 319
848 4063 958 4132 ligetemo
971 4063 1093 4130 intelligit
1102 4066 1178 4118 etiam
1188 4068 1282 4120 schol:
1300 4063 1315 4134 ip

150 4150 277 4208 καθόλου
282 4152 387 4226 ,μησὶ
399 4154 483 4204 κακία
494 4147 623 4219 tyresum
636 4143 686 4215 τὴν
696 4144 830 4248 perpetuisne
844 4165 898 4200 uam
910 4143 925 4215 ri
938 4144 1066 4203 καθόλου
1076 4155 1160 4206 κακία
1172 4153 1219 4221 ipsi
1229 4155 1315 4223 llprira

150 4256 209 4293 esse
220 4242 329 4305 vitetur,
341 4238 409 4290 adv.
419 4237 478 4289 313.
503 4235 646 4303 [ennepius
655 4242 738 4287 uuum
748 4250 802 4285 eum
814 4234 845 4285 iio
855 4234 924 4300 lacit,
936 4235 978 4302 qui
991 4251 1016 4287 v.
1025 4234 1076 4287 319
1085 4237 1116 4290 ele
1126 4237 1316 4291 Ecbielourei·

150 4326 230 4394 piuut.
260 4325 291 4378 V.
305 4324 374 4377 319
368 4332 429 4376 rtem
445 4323 477 4375 cle
489 4320 600 4375 maian
617 4320 743 4389 occipiunt
754 4319 866 4388 laeoaep.
879 4317 958 4372 von.
974 4320 1049 4390 epist.
1061 4325 1140 4392 septb.
1152 4322 1173 4376 ll
1186 4341 1210 4393 p
1203 4324 1254 4376 ‚ib
1266 4324 1314 4388 (el.

154 4410 197 4477 1..)
220 4408 353 4463 Weleker.
365 4406 529 4478 leepebep.
538 4402 597 4476 up.
606 4404 703 4459 311.

1052 4494 1113 4558 12’
