2962 4808
576 336 696 456 ,ο

679 449 687 456 .
704 448 776 458 σοι..

71 617 74 623 y
95 558 199 630 postea
215 549 373 611 dicendum
388 548 458 624 erit3
477 539 714 632 denique'lipm.
750 547 808 609 Sml
828 548 898 609 lmec
918 549 1035 628 quidem
1051 547 1151 610 Hortis
1170 565 1261 609 soror

96 651 203 714 dicitur
218 652 249 714 H.
263 651 314 728 tv,
329 653 407 726 ddi),⁴
426 651 465 726 V,
486 652 562 723 518,
583 652 661 714 unde
675 661 812 735 apparet,
833 669 893 713 non
909 650 1010 713 Noctis
1024 651 1113 713 Hlinnr
1129 650 1258 714 habitam

95 773 176 818 esse:
196 755 232 817 de
246 755 374 836 reliquis,
389 773 514 835 quorum
530 773 622 833 genus
638 772 699 816 non
716 754 871 826 indicatur,
887 754 911 815 si
926 754 992 833 ipris
1008 754 1183 816 convenisse
1195 755 1259 816 Ho·

96 878 179 921 mero
195 878 262 921 cum
278 858 406 920 Hesiodo
421 858 527 930 credat,
542 856 675 937 equidem
692 855 767 918 lraud
784 855 954 938 repugnabo
966 862 976 898 ⁴
987 862 1027 926 tl.
1058 855 1155 918 Eridis
1170 856 1258 918 liliam

97 961 244 1024 Hesiodus
259 951 360 1046 ’Ἄτην
375 960 441 1023 lacit
454 979 521 1022 cum
538 976 642 1039 magna
658 957 841 1020 multitudine
852 957 995 1020 malomm
1008 969 1036 1020 et
1048 959 1259 1030 molestiarum,

8 1083 14 1095 ·
97 1083 171 1145 quae
182 1082 286 1125 omncs
298 1062 374 1145 aprttd
387 1061 548 1124 Homerum
561 1080 609 1123 res
620 1061 834 1132 tantummodo,
850 1079 911 1121 rron
924 1078 1066 1140 personne
1077 1071 1157 1135 sunt,
1171 1080 1258 1143 prae·

97 1178 142 1231 ter
161 1186 249 1230 unam
264 1157 375 1251 Ἄτην.
405 1165 461 1227 Sed
482 1165 553 1226 baec
573 1164 640 1226 lore
660 1172 726 1226 nata
741 1163 923 1257 perhibetur,
943 1182 999 1244 pua
1018 1164 1054 1226 de
1074 1183 1105 1227 re
1125 1184 1194 1226 uros
1214 1164 1258 1226 ri·

96 1270 239 1334 ciebimus.

182 1370 320 1452 Sequitur
334 1370 412 1454 aliud
428 1367 588 1432 Hesiodum
604 1367 691 1430 Ponti
706 1389 722 1428 e
737 1367 826 1430 Terra
842 1368 1013 1448 progenies,
1033 1368 1081 1430 lilii
1097 1378 1171 1442 tros,
1191 1369 1259 1432 Ne·

97 1470 1261 1553 reus,'llraumas‚Pborcus,irliaeqrreclnae‚CetoetEorp·bia,mrilrns

98 1578 236 1640 omnibns
251 1587 301 1638 ant
315 1574 406 1637 maris
421 1573 560 1655 quasdam
573 1572 766 1653 proprietates
777 1582 827 1634 aut
838 1589 885 1633 res
897 1591 913 1633 e
925 1572 997 1633 mari
1012 1574 1152 1636 oriundas
1168 1575 1262 1654 signi·
1285 1586 1316 1639 tt

99 1680 177 1742 licari
198 1677 386 1740 manifestum
407 1686 460 1738 est.
495 1675 527 1737 ln
549 1674 669 1736 Homeri
690 1674 869 1736 carminibus
889 1693 983 1754 neque
1002 1674 1117 1738 Pontus
1136 1696 1263 1758 usquam

98 1783 171 1844 deus
185 1780 360 1863 appellatur,
374 1796 470 1858 neque
485 1777 643 1838 liberomm
659 1774 723 1837 eius
739 1775 850 1837 mentio
866 1779 911 1850 m,
927 1786 1129 1859 praeterquam
1145 1779 1265 1854 Phorci,

99 1885 183 1948 cuius
203 1882 258 1946 lilla
278 1882 398 1944 Tboosa
418 1899 452 1943 ex
472 1879 609 1960 Neptnrm
630 1878 842 1960 Polyphemum
861 1881 989 1961 peperit,
1012 1891 1040 1944 et
1059 1881 1159 1957 Nerei,
1182 1883 1266 1946 euius

100 1987 172 2050 liliae
192 1985 330 2049 Nereides
352 1993 432 2047 sutri.
467 1982 540 2044 Ham
567 1982 647 2063 quod
671 1991 781 2044 eeteros
805 1983 924 2064 quddam
945 1984 1065 2048 Homeri
1090 1985 1267 2067 interpretes

100 2108 210 2153 nomen
231 2089 335 2151 barum
359 2085 595 2168 patronymicum
614 2104 680 2147 esso
698 2095 820 2165 negant,
846 2085 986 2168 ipsasque
1012 2098 1062 2151 aiu
1082 2088 1191 2151 Phorci
1216 2099 1267 2153 aut

100 2194 186 2257 etiam
200 2191 309 2265 Protei,
324 2209 411 2271 quem
425 2187 571 2251 Hesiodus
588 2187 711 2267 ignorat,
727 2187 800 2249 filins
811 2207 886 2262 osse,
901 2199 1013 2270 patrem
1029 2200 1127 2254 etitem
1139 2193 1268 2256 Hereum

100 2297 137 2358 ab
153 2295 283 2357 Hesiodo
295 2313 330 2355 ex
350 2291 471 2354 nomino
484 2309 584 2352 carum
600 2289 674 2352 ritule
689 2290 834 2352 intellecto
847 2293 1004 2354 mantunr
1020 2294 1134 2368 solunt,
1155 2295 1268 2358 nemini

101 2398 183 2461 iacile
198 2395 486 2478 properaturum).
512 2393 620 2456 Haiore
634 2392 696 2454 iure
711 2393 747 2454 de
762 2391 858 2455 Ponto
874 2394 998 2466 «limites,
1013 2396 1138 2458 fueritne
1152 2397 1189 2459 ab
1204 2398 1267 2459 Ho-

103 2518 184 2561 mero
201 2498 230 2560 in
246 2498 369 2560 deorum
385 2512 510 2557 numero
524 2493 656 2568 babitus,
676 2512 713 2556 an
728 2494 799 2556 nibil
815 2494 872 2555 nisi
889 2514 969 2556 nimo
984 2495 1082 2576 ipsum
1098 2498 1150 2571 sit,
1170 2499 1267 2562 dirina

101 2619 229 2682 persona
242 2616 356 2662 carens.
384 2597 441 2660 Sed
454 2595 525 2659 mibi
538 2596 656 2677 quidem
669 2597 744 2659 baud
757 2596 948 2678 improbabile
959 2599 1081 2673 ridetur,
1096 2601 1125 2663 in
1137 2620 1169 2662 ea
1182 2602 1268 2663 theo·

103 2703 203 2785 genia,
224 2701 307 2766 coitis
327 2700 404 2782 apud
421 2700 582 2763 Homemm
603 2701 737 2783 dispersa
757 2711 869 2765 tanturn
885 2710 914 2762 et
929 2702 1026 2764 tenuia
1041 2704 1160 2785 vestigia
1176 2724 1269 2787 oppa·

103 2815 177 2881 rent,
187 2805 273 2868 etiam
287 2804 384 2866 Ponto
396 2803 451 2865 deo
467 2804 563 2866 locum
577 2803 677 2879 luisse,
691 2815 724 2867 nt
735 2803 842 2866 Oceani
857 2813 887 2864 et
897 2802 1016 2885 'Petlp'is
1028 2816 1079 2868 aut
1092 2808 1178 2870 etiam
1194 2807 1270 2870 Ter·

103 2929 153 2974 rae
172 2909 241 2972 lilio.
277 2907 351 2970 Nam
371 2925 452 2969 mare
471 2924 575 2981 orons,
595 2906 647 2969 abs
667 2925 726 2988 qno
747 2904 793 2968 ille
813 2924 923 2969 nomen
940 2907 1041 2980 babet,
1065 2911 1208 2992 originem
1229 2913 1267 2975 ab

105 3015 221 3079 Oceano
238 3014 344 3075 ducere
356 3010 485 3073 Homero
498 3009 648 3074 ridebatur
658 3015 671 3054 ³
683 3011 721 3089 ¹),
737 3019 939 3091 contraquam
952 3011 1153 3095 Hesiodo‚qui
1169 3014 1270 3078 dtdees

105 3126 218 3182 tantum
238 3134 328 3198 aquas
349 3113 465 3178 Oceano
486 3123 515 3176 et
534 3115 645 3197 'letlipo
660 3112 752 3196 gigni,
776 3114 903 3177 Pontum
927 3110 1024 3177 autem
1048 3115 1113 3178 sine
1137 3127 1219 3200 patm
1233 3139 1270 3183 ex

61 3245 64 3251 ·
104 3222 194 3285 Terra
214 3217 294 3281 nasci
315 3218 396 3292 lacit,
420 3218 670 3299 quemadmodum
695 3215 780 3280 etiam
804 3219 986 3301 posteriores
1007 3220 1125 3302 ipddnm
1146 3222 1271 3305 physici,

174 3504 216 3567 lb)
229 3500 410 3568 Naegelsbach.
425 3503 441 3552 l.
452 3501 469 3552 Ι.
486 3516 509 3569 p.
520 3499 553 3551 i‘l
570 3497 676 3552 Noctem
691 3501 755 3569 apud
771 3499 902 3552 Homerum
916 3501 1073 3554 snrnnionnu
1091 3511 1195 3556 eruimur
1213 3521 1272 3557 esse

106 3606 201 3657 negans
212 3589 313 3655 ablegat
325 3605 371 3640 nos
383 3590 413 3640 ud
426 3604 465 3651 ea,
475 3587 602 3656 quaeipsis
615 3587 645 3639 ed
655 3586 683 3639 H.
694 3586 723 3652 H,
733 3587 749 3637 o
758 3589 913 3655 exposuerit.
933 3589 981 3641 Sed
996 3591 1055 3642 nibil
1068 3591 1100 3643 ibi
1113 3591 1145 3642 elo
1155 3592 1274 3644 Somnio·

107 3694 161 3731 rum
174 3676 320 3746 parentibus
332 3676 498 3743 disputatum,
515 3689 596 3742 neque
613 3674 712 3724 ororiino
730 3675 862 3742 occiduntur
880 3676 1003 3743 pridntmn
1016 3693 1074 3728 esse
1088 3677 1189 3743 ridear,
1207 3679 1273 3748 quood

107 3765 149 3817 isti
161 3762 303 3815 sententiae
315 3763 474 3813 adversetur.

175 3851 217 3914 au)
235 3849 318 3901 Sobel.
341 3847 372 3900 V.
389 3849 420 3899 ad
434 3846 461 3899 H.
476 3845 570 3910 xvttt,
593 3846 638 3897 ³8:
657 3847 846 3912 πλανηθέντες
864 3847 892 3899 ol
915 3848 981 3921 περὶ
999 3845 1138 3905 Ἡσίοδον
1159 3855 1276 3926 Nrppe'erc

107 3931 274 4007 rirlyputtmr
287 3932 463 4004 depruripulel
481 3931 526 3983 rud
541 3932 624 3985 Θέτιν
636 3932 695 3997 [xul
708 3927 756 3990 uie
765 3929 932 4003 Nppeidocl,
954 3937 1002 3987 τοῦ
1016 3940 1137 4005 reciproci
1151 3937 1230 4012 παρὰ
1243 3936 1276 3994 rb

106 4027 166 4079 νεῖν
177 4023 227 4089 τὴν
239 4021 312 4083 λέξιν
324 4020 526 4091 ποιησαμένου,
538 4011 608 4071 ὅθεν
619 4018 664 4069 rud
678 4019 762 4085 νῆσος
773 4020 819 4072 rud
832 4016 927 4090 νοοόν,
941 4017 972 4074 τὸ
985 4019 1139 4092 ῥειστνκόν.
1158 4017 1233 4095 ἦσαν
1243 4023 1275 4081 tt

108 4109 252 4179 Πρωτέως,
262 4103 358 4180 φησὶν,
371 4102 387 4175 ἢ
402 4101 555 4178 Φόρκυνος.
572 4093 648 4157 οὗτοι
661 4100 715 4174 γὰρ
727 4106 856 4176 γέροντες
866 4103 972 4160 irritem
985 4111 1042 4162 xri.

176 4197 219 4261 bl)
232 4195 260 4249 H.
273 4194 346 4260 xxi,
361 4195 422 4246 lllli:
653 4192 728 4262 peirn
740 4192 844 4252 σθένος
866 4188 1021 4261 Ὠκεανοῖο,

348 4279 378 4342 ἐξ
390 4265 478 4351 odnep
492 4272 595 4337 ricimer
606 4278 730 4348 ποταμοὶ
742 4279 788 4330 rud
802 4280 882 4331 miore
896 4279 1037 4349 euterun,

344 4369 389 4420 eol
404 4367 494 4420 uriom
508 4366 604 4439 κρῆνον
618 4365 664 4417 rud
676 4368 797 4439 opetum
808 4363 904 4442 μακρὰ
918 4363 1044 4426 νάουσιν.
