2962 4808
615 371 814 472 Q

136 567 283 628 terieetam
298 564 437 638 dicentes,
455 574 485 628 et
499 567 604 629 nterito
620 567 720 641 irrisit,
736 565 761 628 si
775 565 848 628 baec
863 561 916 624 tuit
930 579 1033 623 eorum
1049 557 1205 630 sententia,
1219 568 1254 621 ut
1269 558 1299 620 in
1322 571 1358 626 23

135 668 237 730 Persei
262 666 355 729 bibula
380 667 501 729 eandem
527 677 556 731 et
574 669 731 732 Minervam
750 677 780 729 et
798 665 947 730 bicdusam
967 682 1035 725 esse
1053 663 1195 724 dicerent.
1228 660 1300 724 tttbt

136 781 234 834 utitem
250 771 308 833 troc
322 771 421 852 potins
436 772 567 834 sensisse
583 782 634 836 aut
643 772 781 835 debuisse
797 770 899 832 saitem
912 766 1022 830 sentire
1033 764 1176 839 ridentur,
1190 766 1300 829 itiner·

138 894 189 936 cae
213 892 372 956 personam
393 894 455 938 non
475 877 597 940 eandem
618 877 696 959 apud
718 894 823 938 ornnes
843 882 872 936 et
892 872 921 935 in
942 868 1082 932 onmibus
1102 868 1207 932 totitatis
1224 888 1301 941 esse,
1363 941 1366 947 ,

137 979 189 1041 sed
210 978 294 1042 rdiam
315 980 345 1042 in
365 979 441 1055 aliis,
461 980 550 1043 rrtodo
567 978 696 1062 Gorgoni
712 979 852 1052 sintiiem,
873 975 964 1038 rrrttdo
979 972 1156 1038 contrariatur
1171 972 1198 1036 ei
1213 982 1301 1055 atque
1386 980 1389 986 '

139 1083 282 1148 inbutam.
314 1083 425 1169 Nerope
446 1084 611 1151 tribmutmt
630 1095 742 1147 veteres
758 1082 903 1148 Mineruae
923 1079 998 1144 acris
1015 1076 1228 1162 principatuum
1248 1077 1300 1140 sed

138 1207 228 1269 «prum
250 1187 323 1252 dmm
343 1199 444 1254 essent
463 1189 537 1253 amris
554 1201 651 1273 partcs
667 1207 809 1274 perperam
826 1184 901 1251 inter
915 1207 948 1250 sc
963 1185 1105 1261 diuersae,
1124 1185 1211 1249 attero
1227 1203 1299 1268 pro·

138 1293 245 1376 pintpun
261 1294 368 1357 aetheri
383 1304 412 1358 ct
428 1294 545 1372 sirudis,
559 1295 647 1359 adtera
662 1303 757 1358 terrae
772 1292 905 1374 marique
919 1291 1054 1373 contigua
1069 1309 1233 1372 eorumque
1248 1308 1299 1352 ert·
1327 1364 1329 1368 ¹

139 1397 332 1462 halationibus
348 1398 467 1463 iniecto¹
480 1403 543 1475 ⁰⁰),
560 1400 665 1464 barum
682 1397 811 1483 praetium
827 1395 1021 1480 principatum
1035 1394 1082 1457 aiii
1098 1392 1174 1458 inter
1189 1392 1300 1457 biiner·

139 1520 203 1563 raro
229 1523 264 1565 ac
286 1503 437 1566 Medusam
462 1502 589 1567 dicisum
616 1524 694 1579 esse,
720 1500 766 1565 alii
792 1509 890 1564 totum
914 1499 950 1564 ad
971 1500 1128 1564 Mineruam
1155 1497 1303 1580 pertinere

139 1604 303 1668 eredebanc
333 1606 432 1687 itaque
451 1606 501 1687 qui
520 1607 607 1669 etiam
628 1624 761 1669 crassum
782 1605 861 1668 iruno
879 1615 908 1666 et
922 1603 1098 1667 nebutosum
1114 1620 1211 1665 aerem
1227 1601 1301 1664 inse·

139 1706 248 1769 riorom
268 1707 304 1770 ab
323 1728 357 1770 ea
377 1727 438 1771 non
459 1709 586 1772 alienum
608 1729 675 1771 esse
696 1715 846 1790 putarent,
864 1707 934 1788 quid
954 1707 1077 1778 mimm,
1096 1705 1123 1767 si
1141 1722 1302 1786 permnam

141 1827 258 1889 quoque
280 1811 350 1872 deae
370 1811 528 1873 induerunt
548 1811 616 1873 intio
634 1810 711 1892 parti
732 1807 975 1872 conuenientem?
1010 1809 1117 1870 Contra
1138 1809 1188 1888 qui
1207 1807 1304 1869 seium

142 1910 304 1990 superioris
324 1912 399 1974 acris
419 1913 615 1995 principatum
635 1914 779 1976 biincm'ae
798 1913 973 1985 tribuerent,
993 1911 1023 1974 bi
1045 1929 1105 1973 non
1126 1909 1224 1989 inepte
1238 1928 1305 1971 eam

142 2012 292 2088 Medusae,
313 2015 342 2077 b.
354 2036 380 2077 e.
397 2016 531 2080 nebulosi
547 2016 701 2099 frigidique
716 2015 806 2091 aeris,
826 2016 1022 2080 atbersariam
1039 2014 1197 2095 Perseiquc
1213 2014 1243 2076 in
1259 2013 1305 2076 itta

144 2115 310 2195 perirrrenda
322 2117 494 2181 adiutricem
510 2121 656 2182 iecerunt¹
670 2124 678 2162 ¹
690 2124 729 2195 ⁰).
742 2155 783 2164 -
795 2119 929 2183 Ceterum
946 2119 971 2181 is
986 2121 1035 2201 qui
1051 2117 1176 2202 plurima
1191 2119 1229 2180 de
1243 2117 1305 2180 bie·

144 2221 233 2281 elusae
248 2238 314 2281 curn
331 2220 457 2282 Minerua
473 2222 679 2284 coniunctione
694 2223 745 2284 sed
762 2222 860 2284 uriuus
875 2223 1087 2305 circumspecte
1102 2219 1189 2293 dixit,
1208 2239 1305 2301 necpm

144 2319 289 2382 immerito
309 2321 345 2382 ab
361 2322 529 2385 Hermanno
550 2324 748 2404 reprehensus
768 2334 827 2399 est,
847 2326 1003 2388 i'bicberus
1020 2325 1049 2386 in
1065 2323 1244 2405 nrytbobtgia
1260 2323 1305 2384 ia·

144 2423 307 2505 potidarum
327 2444 356 2506 p.
369 2425 430 2487 ’211
446 2445 527 2507 sqq„
549 2427 612 2506 ipse
626 2426 787 2488 Hesiodum
804 2428 1004 2508 reprehendit,
1020 2426 1098 2508 tpmd
1115 2426 1174 2489 duo
1189 2426 1304 2488 diversa

144 2528 316 2606 Gorgonum
332 2547 438 2610 genera
453 2547 606 2611 perperam
619 2529 793 2591 cerniuderit.
819 2528 893 2592 b'am
907 2529 1069 2611 l’irorcpnis
1081 2528 1164 2603 filias,
1179 2529 1305 2602 Stheno,
1325 2537 1332 2549 ·

144 2631 287 2711 Euryalen
307 2631 469 2711 barunupte
489 2650 625 2693 sororem
646 2632 809 2706 Medusam,
830 2632 901 2694 nibil
921 2634 997 2698 atiud
1018 2632 1196 2714 signiticare,
1215 2651 1304 2714 quam

146 2736 285 2796 ductuum
308 2734 519 2797 vehementiam
540 2734 672 2816 aliosque
691 2736 780 2798 maris
795 2746 939 2811 terrores,
958 2736 1034 2799 iiiam
1049 2746 1160 2809 autem,
1180 2754 1257 2817 quae
1270 2754 1305 2797 ex

144 2835 282 2918 b'eptuno
299 2837 443 2916 Pegasum
463 2847 492 2898 et
508 2837 700 2917 Chrysaorcm
721 2840 900 2921 conceperit,
915 2840 1072 2903 Mineruam
1088 2860 1169 2912 esse,
1185 2849 1306 2920 quaem

144 2958 212 3001 cum
229 2939 282 3001 tttts
298 2939 526 3001 confunderetur
540 2939 583 3001 cei
599 2950 721 3021 propter
735 2961 892 3006 eomnnme
903 2944 1052 3025 Gorgonis
1064 2952 1306 3025 cognomentum,

145 3193 251 3244 munium
265 3193 395 3245 blincrrue
413 3192 537 3258 Gorgonis
555 3196 725 3247 assertoribus
743 3206 855 3264 creptum
873 3206 922 3250 cst.
947 3199 983 3249 iic.
1000 3202 1083 3251 nitere
1096 3201 1222 3270 Euripidis
1241 3203 1307 3268 ioco,

145 3293 176 3327 cx
191 3276 344 3339 Erechtheo,
357 3294 396 3344 up.
412 3278 520 3345 Lprnrg.
534 3295 571 3329 or.
584 3279 608 3329 in
624 3279 724 3346 Lenem,
741 3281 849 3331 dubitari
862 3282 903 3332 sin
918 3290 1010 3350 potest,
1024 3285 1198 3351 Gorgonem
1210 3288 1244 3340 ibi
1258 3305 1306 3339 nou

145 3378 281 3426 cognomen
294 3363 355 3412 douc
368 3378 434 3423 csse,
447 3364 491 3414 sed
505 3365 646 3427 significare
660 3366 719 3416 stibii
731 3366 798 3416 uliud
812 3366 859 3417 nisi
871 3367 983 3431 aegidem
996 3369 1125 3422 Minervae
1137 3389 1192 3423 curu
1206 3373 1308 3438 Gorgo·

147 3445 184 3496 uis
197 3447 287 3512 cupite.
312 3446 349 3497 Gi.
363 3445 472 3498 ntetnek.
487 3447 585 3499 Vindie.
598 3449 682 3500 strab.
696 3466 718 3517 p.
732 3451 787 3501 tat.
818 3452 1080 3505 scrutationibus
1093 3459 1221 3524 personati
1235 3458 1309 3509 cte-e·

147 3531 224 3596 souis,
236 3539 318 3599 unteq.
332 3533 362 3583 ir.
376 3533 400 3583 iu
413 3534 482 3595 osii,
496 3550 518 3583 c.
534 3534 577 3595 ld,
591 3534 636 3598 tt,
650 3535 787 3585 Miner-tum
801 3552 848 3586 non
861 3535 1049 3603 Gorgtruum,
1067 3549 1094 3593 ut
1107 3541 1250 3593 t'trteteeos
1262 3560 1309 3595 re·

147 3617 201 3681 tuit,
215 3619 291 3685 urptb.
306 3617 355 3685 inp.
369 3635 392 3686 p.
408 3618 465 3682 215,
479 3620 523 3669 sed
536 3618 769 3686 Gorgopitnruur
782 3621 900 3672 meliores
913 3622 968 3674 iibri
982 3625 1101 3690 atterum,
1113 3628 1137 3678 ir.
1147 3644 1171 3678 e.
1184 3626 1310 3693 Gorgo·

147 3705 284 3769 pbonom.
306 3702 397 3755 Restat
409 3705 486 3769 igitur
497 3721 561 3755 unus
570 3705 645 3756 testis
655 3704 829 3773 l‘riuepbutus,
843 3708 874 3758 de
886 3724 935 3774 qua
945 3709 1029 3774 punito
1039 3711 1102 3763 inira
1112 3713 1242 3765 dicendum
1252 3715 1310 3766 erit.

216 3789 281 3853 tort)
301 3789 371 3840 Corsi.
385 3791 474 3841 Seuer.
488 3808 527 3857 qu.
541 3797 592 3841 nrt.
605 3789 638 3856 li,
653 3791 696 3840 to:
714 3791 835 3853 „Surrnrm
853 3793 990 3858 praessuris
1003 3789 1310 3851 estsiceissimueuiidis-

148 3873 258 3939 simmpue
271 3881 298 3925 ct
309 3874 341 3925 ob
353 3875 399 3926 lior
412 3875 486 3925 otium
504 3874 649 3925 tenuissima
667 3883 771 3940 prepter
786 3875 901 3927 sicinium
917 3885 1079 3932 aeternorum
1098 3883 1191 3947 ignium
1208 3892 1235 3936 et
1252 3884 1312 3935 tttos

148 3963 186 4008 tot
199 3965 280 4008 motos
293 3959 401 4009 sidorum
413 3958 589 4024 assiduumque
602 3958 665 4008 caeti
679 3957 862 4012 circumactum.
883 3961 946 4013 Pars
958 3963 1005 4015 ium
1015 3972 1042 4017 et
1051 3966 1134 4018 ricino
1144 3967 1222 4020 terris
1233 3968 1311 4020 tiens·

147 4049 174 4092 et
186 4042 322 4106 ostiginem
335 4051 384 4105 est,
397 4043 453 4109 quis
468 4051 582 4094 terrenas
594 4042 768 4095 cnbulntioues
781 4048 921 4114 κρυμοῦ·

218 4127 280 4192 tto>
299 4128 501 4180 l'otuit'bicdusa
513 4144 569 4179 cum
582 4126 696 4180 tttnem
709 4129 783 4181 etium
796 4131 833 4182 sie
845 4132 974 4202 coniungi,
991 4144 1020 4189 ut
1032 4138 1087 4190 eius
1101 4139 1192 4192 famula
1204 4141 1312 4193 moese-

149 4219 199 4274 tur,
212 4213 286 4281 idque
298 4214 389 4266 iactum
401 4214 513 4265 arbitror
524 4213 548 4264 in
561 4213 645 4265 inbuit
657 4213 788 4283 Ovidium,
800 4215 862 4269 Met.
874 4216 918 4283 tt',
931 4218 994 4287 tut,
1006 4223 1049 4275 ubi
1062 4224 1167 4278 Medum
1180 4226 1205 4278 iu
1219 4228 1313 4296 teupie

148 4295 278 4350 blinervue
289 4316 304 4350 u
317 4298 433 4368 Neptune
447 4314 589 4367 compressa
601 4300 703 4351 dieitur.
728 4300 843 4354 &niceri
861 4311 946 4372 potest
962 4306 1052 4362 similis
1063 4310 1150 4364 inbuit
1160 4314 1192 4365 de
1203 4313 1314 4383 Neptuni

149 4384 310 4439 connectes
322 4386 454 4439 concubitu
466 4386 526 4439 itan
539 4385 563 4438 io
576 4387 668 4455 tempto
681 4385 820 4440 Minervae.
843 4388 935 4458 iiysin.
948 4391 967 4445 i.
979 4393 1022 4448 37.

190 4469 225 4531 ¹¹·
1072 4484 1111 4548 tt
