2962 4808
688 416 751 482 258

137 606 290 681 eiusmodi,
305 624 377 686 quas
393 604 475 668 lacile
489 603 632 685 intelligas
647 605 813 669 recentiore
828 605 947 669 densum
964 613 1099 689 ternpore
1114 606 1302 672 succiduum

136 718 186 773 eut
199 709 413 791 periegetarum
429 707 528 772 studio
542 707 725 790 compositas
739 726 815 771 esse.

221 812 336 883 Hestat,
357 819 390 874 ut
410 811 447 874 de
465 810 628 874 nutricibus
644 829 761 894 quoque
776 810 855 873 loris
870 811 967 892 peuHo
983 810 1148 876 accuratius
1164 810 1304 894 dispicia-

93 921 117 974 lt
136 932 215 976 urus.
246 913 407 977 Notissima
421 924 468 976 est
484 913 578 976 laisida
593 913 629 976 de
645 932 741 996 capra,
756 913 839 977 cuius
855 923 905 977 aut
919 912 1058 978 uberibus
1073 914 1185 996 iupiter
1198 913 1304 978 admo·

139 1026 185 1079 tus
200 1025 250 1080 aut
270 1027 348 1080 certe
368 1017 440 1080 lacte
461 1018 590 1081 nutritus
609 1017 657 1081 sit.
692 1019 764 1081 Eam
780 1016 926 1081 Hesiodus
942 1036 1005 1080 non
1026 1027 1186 1095 memorat,
1205 1026 1303 1082 tamen

136 1138 227 1202 «quum
248 1118 279 1182 in
298 1120 404 1202 Aegaei
424 1120 535 1184 montis
554 1130 641 1184 antro
660 1121 759 1184 leuem
779 1121 935 1185 educatum
954 1120 1045 1196 dicat,
1066 1122 1185 1186 luerunt
1202 1121 1253 1204 qui
1273 1119 1303 1184 in

138 1226 196 1288 boc
215 1224 325 1288 riseritis
346 1224 467 1289 rrornine
487 1223 575 1288 ctiam
594 1224 770 1290 nutricantis
785 1243 890 1309 eaqrrae
910 1224 1050 1290 indicium
1066 1225 1123 1289 sibi
1138 1226 1304 1308 depreben-

137 1330 207 1392 dere
224 1328 397 1393 riderentur.
427 1320 630 1416 Σημείωσαι,
654 1328 750 1412 inquit
763 1331 950 1407 scholiastes,
974 1323 1028 1395 ὅτι
1042 1325 1101 1394 καὶ
1123 1316 1220 1408 οὗτος
1242 1320 1306 1394 oi·

139 1425 178 1515 yr'
184 1453 275 1512 οχον
296 1424 416 1518 ’quot-os
437 1428 496 1496 cris
510 1425 591 1512 Ala,
613 1428 690 1499 ἐπεὶ
706 1423 787 1519 αἶγα
800 1428 976 1521 ἐθήλασεν,
1000 1424 1063 1521 ἀφ’
1086 1420 1126 1498 οὗ
1142 1428 1178 1498 ἐν
1191 1427 1305 1521 Κρήτῃ

138 1529 197 1598 καὶ
218 1527 352 1618 Αἰγὸς
374 1526 465 1619 ὅρος
485 1533 637 1600 καλεῖται
659 1533 718 1603 καὶ
740 1530 931 1622 Αἰγαῖον,
958 1533 998 1600 τὸ
1020 1528 1080 1601 c‘nc‘
1107 1527 1307 1602 ἔνι’ωνἜκ-

139 1634 253 1701 draeo
278 1633 549 1720 catadromum.
585 1639 773 1705 Postremum
798 1661 910 1706 nomen
934 1641 999 1704 sine
1019 1640 1110 1704 dubio
1131 1648 1306 1722 corruptum

139 1751 193 1814 est,
210 1740 491 1822 rescribendumque
502 1733 747 1824 Aiyrdo'sros,
763 1764 821 1827 quo
833 1746 954 1809 nomine
964 1745 1063 1808 locunt
1078 1743 1109 1807 in
1121 1742 1204 1807 Creta
1216 1742 1308 1806 luisse

140 1843 294 1926 Euphorio
311 1853 432 1906 testatur
447 1845 525 1926 apud
540 1845 634 1908 sclrol.
651 1846 720 1910 Vcn.
736 1846 771 1911 ad
787 1848 818 1910 H.
833 1847 868 1923 H,
886 1849 956 1910 157.
987 1848 1061 1910 Post
1074 1846 1238 1910 Hesiodum
1253 1864 1307 1909 uu·

142 1956 199 2009 tem
216 1946 346 2028 plerique
358 1966 476 2028 equam
489 1947 566 2011 lovis
577 1949 722 2013 nutricem
734 1950 924 2025 celebrarunt,
938 1966 1000 2013 non
1013 1959 1111 2013 umen
1123 1950 1188 2013 sine
1201 1967 1307 2031 magns

143 2049 305 2112 solertiarum
324 2051 468 2112 canente.
505 2051 578 2113 Hom
600 2050 631 2113 in
651 2072 685 2115 ea
705 2054 875 2134 theogonia,
895 2072 970 2135 quae
989 2053 1099 2116 Musaei
1120 2053 1242 2117 nomine
1261 2052 1308 2115 in·
1337 2077 1338 2081 ¹

143 2150 252 2230 scripta
267 2151 336 2223 luit,
358 2152 466 2233 iupiter
484 2170 587 2215 recens
606 2162 693 2216 natus
709 2175 726 2217 a
741 2163 834 2217 matre
849 2154 1000 2228 Tiremidi,
1020 2174 1037 2217 a
1053 2154 1195 2218 Themide
1209 2153 1309 2217 dmsl-

144 2251 228 2314 tlreae
240 2252 387 2333 npuplrae
403 2253 580 2329 tradebatur,
596 2274 670 2337 quae
684 2257 840 2336 puerulum
856 2274 960 2337 oeqsrae
975 2256 1113 2318 uberibus
1127 2253 1309 2318 admouebat.

143 2354 213 2416 Brut
227 2364 324 2417 arrtom
336 2355 408 2417 baec
422 2375 507 2436 capra
521 2356 599 2418 Solis
615 2359 783 2437 progenies,
799 2359 871 2421 adeo
887 2357 1008 2421 terribili
1023 2357 1130 2440 specie,
1145 2366 1179 2421 ut
1190 2356 1310 2419 Titanes

143 2457 314 2537 ailspectnm
335 2457 398 2520 eius
419 2458 656 2532 reformidarent,
677 2461 870 2541 quamobrem
889 2461 999 2523 borum
1018 2468 1123 2540 rogatu
1138 2460 1229 2522 Terra
1245 2478 1309 2522 eum

143 2557 172 2621 in
188 2569 273 2621 antro
289 2560 391 2621 Cretae
405 2559 544 2635 abdebat,
563 2560 614 2624 ubi
635 2561 745 2642 iupiter
758 2562 794 2625 ab
809 2582 842 2625 ea
857 2563 1025 2626 nutriretur.
1056 2562 1085 2624 ls
1105 2581 1196 2643 quum
1211 2560 1312 2624 adole·

143 2661 232 2723 visset
246 2661 413 2742 bellumque
425 2660 578 2726 Titanibus
590 2666 708 2740 laceret,
724 2666 833 2729 oraculi
846 2665 964 2729 monitu
978 2664 1087 2745 aegide,
1101 2664 1131 2727 b.
1143 2683 1169 2726 e.
1180 2663 1311 2726 eiusdem

144 2782 248 2846 cquae
262 2764 336 2846 pelle
350 2784 416 2827 sese
431 2766 578 2830 anltnbui:
596 2778 658 2832 erat
677 2769 757 2833 enim
776 2788 809 2832 ea
828 2766 1058 2850 impenetrabilis
1073 2787 1109 2831 ac
1123 2766 1263 2842 terrifica,
1283 2774 1314 2828 et

214 3062 256 3125 40)
270 3061 352 3125 Hegut
361 3061 496 3125 Hoeelius‚
509 3059 579 3114 Cret.
591 3059 601 3112 1
611 3078 635 3129 p.
646 3061 715 3114 lbet
729 3063 786 3126 l'll,
799 3063 863 3130 spud
874 3061 1008 3114 Hesiodum
1020 3067 1091 3113 recte
1104 3059 1180 3112 scribi
1190 3059 1315 3129 Alyos’or

146 3140 220 3216 ὄρος,
234 3147 368 3215 reponique
377 3142 569 3217 rultilppniov
580 3163 609 3198 er
618 3147 716 3216 aliquot
724 3147 855 3200 veteribus
869 3147 1028 3200 editionibus.
1048 3145 1112 3199 Num
1123 3145 1232 3198 sltsruru
1244 3161 1315 3196 uron-

148 3233 180 3284 lis
194 3250 281 3284 nomen
293 3250 307 3284 u
319 3234 387 3284 nullo
400 3233 541 3297 memorari,
552 3233 596 3284 sed
610 3249 683 3300 quum
696 3234 761 3301 apud
773 3232 991 3300 Ps.Plutsrcbum‚
1002 3234 1027 3285 iu
1037 3232 1124 3284 libello
1134 3231 1165 3284 de
1175 3231 1316 3283 lluuriuibus

148 3338 169 3371 e.
185 3321 223 3383 lb,
236 3321 260 3383 3,
273 3321 379 3388 nymphe
391 3320 511 3387 qnuedana
520 3319 621 3370 Cretica
634 3319 716 3385 Arge
733 3334 748 3370 s
762 3318 821 3372 love
830 3335 862 3372 ex
876 3318 938 3371 urbe
947 3319 1030 3388 Lycto
1043 3325 1115 3386 rspts
1132 3332 1190 3370 esse
1207 3317 1315 3383 dicutur,

148 3406 179 3458 ub
197 3407 269 3458 buius
287 3408 408 3475 nprnplrse
425 3406 523 3458 nomine
542 3412 652 3457 mosten
664 3405 791 3472 drgseuru
808 3404 963 3474 appellatum
983 3420 1041 3458 esse
1057 3412 1180 3457 autumet.
1204 3403 1258 3457 Huc
1273 3418 1316 3455 sr-

150 3502 292 3558 gunreutum
309 3510 382 3562 quani
401 3494 484 3546 debile
504 3494 553 3559 sit,
571 3509 644 3545 uerno
663 3509 710 3544 nou
730 3492 858 3560 intelligis
880 3491 943 3546 Hem
957 3490 1093 3557 nsArgsci
1109 3489 1208 3558 quidem
1225 3489 1317 3542 montis

150 3581 200 3632 ullu
217 3583 281 3649 upud
294 3597 441 3651 quemquem
459 3581 551 3633 mentio
565 3581 606 3645 lrt,
623 3597 703 3649 neque
716 3596 749 3634 ex
767 3582 890 3651 upnplrue
903 3580 1002 3632 nomine
1014 3578 1192 3646 consequitur,
1209 3584 1318 3631 montem

150 3684 247 3735 quoque
263 3667 295 3718 ub
312 3683 341 3719 es
358 3667 509 3719 munientem
526 3666 615 3720 luisse.
640 3668 690 3719 Sed
702 3667 829 3738 Αἰγαῖον
845 3666 945 3720 codiees
962 3665 1077 3732 Hesiodi,
1094 3671 1217 3734 quotquot
1232 3663 1317 3718 collati

151 3761 216 3820 stret,
225 3770 311 3805 omnes
319 3761 429 3819 tuentur,
439 3762 542 3823 prseter
551 3770 625 3806 unum
632 3754 780 3819 Parisinuus,
792 3754 818 3806 iu
828 3770 876 3823 quo
887 3745 1029 3822 est’rootq
1038 3748 1070 3805 te
1078 3743 1151 3822 b'pssr
1160 3742 1319 3820 utilpyoip,

152 3842 253 3907 quodie
267 3842 356 3894 llldins
368 3842 473 3909 ullisque
486 3843 615 3895 veteribus
628 3841 780 3895 editionibus
793 3841 943 3910 impressum
955 3847 1009 3906 est,
1026 3855 1059 3892 es
1076 3837 1161 3906 aliquo
1174 3851 1265 3889 errore
1278 3851 1321 3886 or·

154 3934 205 3977 turo
217 3928 296 3979 rideri
308 3928 406 3980 debent.
430 3928 464 3981 lit
479 3928 626 3995 uqusscitur
637 3929 756 3994 Aegseus
773 3943 844 3980 urons
861 3943 911 3980 neu
930 3926 1001 3980 modo
1014 3940 1030 3977 s
1047 3923 1125 3977 sebui.
1139 3922 1255 3989 Hesiod,
1274 3921 1319 3973 sed

153 4012 228 4064 etiarn
245 4029 261 4064 s
278 4011 380 4064 Tlreoue
397 4012 422 4064 iu
439 4030 526 4066 comus.
543 4016 660 4068 addest.
673 4015 766 4068 Pbuen.
781 4030 806 4068 v.
820 4013 869 4081 33,
887 4030 936 4083 quo
954 4014 1012 4065 loco
1029 4026 1076 4081 pro
1088 4008 1192 4075 vulgsts
1209 4006 1319 4060 lectione

154 4091 234 4166 ὄρεος
246 4094 349 4166 σχεδὸν
358 4093 498 4152 ’ldnleros
511 4102 657 4170 quibusdum
669 4103 807 4173 Alyoioro
819 4102 941 4170 seriptum
953 4100 1033 4152 luisse
1045 4098 1180 4160 doeemur,
1196 4093 1263 4146 uude
1274 4094 1321 4144 boe

155 4184 243 4235 saltem
257 4183 417 4250 intelligitur,
436 4189 611 4251 quemdem
624 4196 727 4242 veteres
745 4190 776 4241 de
788 4188 900 4241 veritate
916 4185 1023 4239 nominis
1039 4183 1106 4252 spud
1117 4180 1253 4234 Hesiodum
1271 4195 1320 4229 uos

155 4270 292 4322 dubitasse.
320 4271 436 4334 Accedit,
458 4273 523 4340 quod
545 4282 677 4341 cognatum
695 4291 784 4328 nomeu
800 4275 910 4328 alterurn
927 4271 1040 4326 eiusdem
1057 4268 1151 4323 nostis
1167 4282 1201 4320 ex
1218 4265 1321 4318 Hesiodi

154 4355 492 4493 scholisstposussuuscinsus,
507 4355 679 4430 Alyrddsort
697 4376 753 4415 usn
769 4361 808 4415 sis
818 4376 865 4431 prs
877 4352 1011 4415 ”monos
1027 4353 1187 4411 mutulen
1204 4366 1263 4406 ⁰0⁸⁰
1274 4365 1321 4422 ΡΝ

154 4449 227 4496 certo
239 4442 270 4494 bs
303 4456 328 4495 s.
1034 4463 1038 4470 ·
