2962 4808
652 323 771 420 ii..-

91 530 244 596 quaerere:
266 511 524 576 chrononensem
536 522 693 595 propterea
705 512 929 584 dictumstatuo,
941 510 1170 592 queremonia
1182 529 1258 592 quas

25 632 28 637 ·
90 616 234 699 temporis
250 634 389 679 mensura
404 616 488 689 eadit,
503 617 636 680 eternium
648 616 684 680 ab
700 616 758 679 boc
772 615 888 678 initium
905 625 1042 696 coeptum
1058 622 1114 677 est.
1141 613 1258 676 stabun-

91 720 169 800 gitur
179 719 247 782 lude
258 719 336 799 spond
348 717 532 781 Damaseium
540 712 683 805 Ἀνάγκη
696 720 756 782 εἰει
765 710 972 797 Ἀδράστεια,
984 718 1019 778 ad
1031 716 1258 797 signitirandum

92 821 211 896 sedicet,
230 819 414 883 necessitatis
432 821 527 901 legem
548 821 604 904 ipsi
625 822 772 904 rebusque
787 822 822 885 ab
839 842 875 884 eo
892 820 1066 901 generandis
1085 820 1257 883 iniunctam.

90 925 133 987 Ex
149 923 237 987 rebus
252 932 359 998 autent,
374 943 448 1004 quae
463 924 651 1002 generaverit,
666 934 965 988 commemorantum
981 924 1134 986 iterataseio
1150 914 1258 1008 αἱθιξρ

92 1022 148 1092 καὶ
170 1022 252 1107 χάος
274 1017 415 1112 άπειρσν
437 1022 495 1092 καὶ
517 1018 631 1114 ε”ρεβος
653 1019 851 1110 όμιχλιῦάες,
878 1028 914 1090 ab
929 1039 1055 1109 utreque
1069 1037 1167 1090 autern
1184 1037 1258 1090 teste

79 1126 181 1196 'urum
198 1132 323 1216 ingentis
339 1132 560 1216 magnitudinis,
582 1154 618 1197 ex
636 1133 683 1198 bis
698 1133 829 1197 eidebeu
844 1133 1018 1206 corrdartnm,
1034 1142 1063 1193 et
1082 1151 1116 1195 ea
1132 1150 1189 1194 oro
1204 1150 1257 1194 ex·

93 1235 191 1300 clusus
203 1237 277 1301 deus
289 1237 488 1317 Protogenes,
502 1239 552 1320 qui
568 1247 597 1301 et
608 1238 718 1320 iupiter
732 1247 761 1299 et
776 1237 837 1299 Pau
853 1245 982 1299 uocatur.
1007 1234 1106 1298 Erotis
1118 1244 1218 1298 antem
1233 1255 1258 1298 s.

93 1339 245 1420 Cupidinis
265 1359 376 1402 nomeu
399 1359 460 1404 non
481 1341 573 1423 magis
593 1361 681 1422 quant
701 1339 831 1413 dietidis,
854 1338 992 1402 i’itauetis
1011 1348 1040 1401 et
1059 1337 1208 1420 Erieepaei
1228 1337 1259 1400 in

93 1442 148 1505 irae
163 1443 366 1525 iiierunpmica
383 1443 540 1524 tbeogonia
556 1453 746 1506 memoratur.

178 1547 237 1609 Sed
253 1544 419 1609 doctrinam
435 1544 512 1607 diam
527 1545 565 1608 de
577 1565 633 1607 oro
648 1545 799 1607 mundano
813 1552 844 1607 et
859 1541 1002 1623 Cupidine
1014 1559 1050 1602 ex
1065 1561 1121 1604 oro
1140 1542 1260 1605 excluso

93 1644 182 1710 etiam
198 1647 411 1729 bristopbanes
426 1665 494 1709 ares
515 1665 585 1708 snas
606 1645 635 1707 in
657 1645 770 1709 tabulae
785 1643 972 1727 cognominis
992 1643 1126 1725 parabasi
1147 1664 1261 1725 propo·

94 1750 198 1811 uenteir
215 1750 290 1822 tecit,
304 1768 481 1831 quamquam
496 1748 620 1811 ridicule
635 1748 788 1812 didictarn.
1305 1827 1307 1832 Α

136 1842 233 1927 Χάος
259 1840 299 1936 ἦν
325 1846 383 1915 καὶ
412 1846 486 1929 net
503 1841 636 1935 Ἔρεβός
660 1872 697 1915 τε
723 1845 828 1934 μέλαν
852 1846 986 1935 πρῶτον
1007 1847 1064 1912 καὶ
1092 1798 1263 1934 Τάρταρος

1003 1972 1038 2015 ει
1039 1972 1105 2035 ρις,

137 2057 168 2118 Γ
166 2047 246 2142 οὐ
270 2045 342 2119 eed'
371 2046 434 2141 άρρ
461 2045 533 2119 οἶδ’
561 2043 700 2140 aduente
726 2045 778 2141 ἦν·
799 2045 1058 2140 'notent-Met
1041 2074 1076 2116 εν
1103 2044 1263 2139 άπείροσι

1003 2148 1073 2218 ud).
1066 2175 1147 2273 τοις

136 2250 241 2321 τίκτει
264 2248 452 2340 πρώτιστον
474 2247 652 2342 ἱπνγνέμιον
674 2252 784 2337 Νόξ
766 2280 784 2345 q
808 2247 1100 2341 μελανότττερος’
1073 2249 1148 2333 coeit,

137 2354 175 2437 ἐξ
193 2347 233 2422 οὗ
254 2352 545 2443 περιτελλομέναις
566 2354 671 2443 ὥραις
692 2351 851 2442 ἔβλαστεν
876 2358 971 2443 Εριος
992 2350 1012 2421 ό
1035 2350 1208 2432 ποθεινός.

140 2447 246 2537 Οὗτος
283 2455 321 2525 δὲ
359 2456 449 2525 Χάει
486 2457 658 2547 πτερόεντι
691 2456 803 2544 μιγεὶς
835 2454 934 2547 νυχίῳ
966 2455 1052 2524 κατά
1090 2452 1262 2543 Τάρταρον

1004 2555 1097 2646 εὗρόν

138 2656 343 2727 ἐνεόττευσεν
369 2655 462 2746 γένος
487 2655 646 2750 ἡμέτερον
671 2658 729 2728 καὶ
756 2665 891 2749 πρῶτον
916 2653 1075 2747 άνόγαγεν
1102 2654 1152 2738 εἷς
1177 2660 1261 2749 πῶς.

138 2759 307 2851 Πρότερον
333 2757 365 2827 ri’
394 2756 453 2829 σάκ
482 2753 520 2851 ἢν
547 2759 638 2847 γένος
664 2756 843 2828 ἀθανάτων
871 2754 1070 2848 πρὶνἚρεος
1095 2758 1263 2846 συνέμιξεν

1010 2857 1027 2881 τ,

1004 2885 1150 2943 απαντα,

140 2960 409 3050 ξαγιμισγσμὲνιον
437 2959 467 3032 d’
494 2960 613 3054 ἑτέρων
645 2959 775 3049 ἑτέροις
805 2956 906 3049 γένει’
934 2957 1072 3048 eripueris
1096 2959 1127 3030 τ’
1156 2958 1262 3031 ciacu-

1007 3089 1060 3144 νος
1074 3089 1110 3132 τε

141 3166 198 3236 καὶ
221 3168 261 3257 γῆ
284 3164 418 3235 πάντων
439 3193 475 3237 τε
496 3173 588 3236 θεῶν
607 3164 766 3255 μακάριον
787 3163 879 3253 γένος
899 3163 1051 3257 άιγῧιτσν
1072 3208 1113 3218 -
1134 3207 1176 3219 -
1254 3241 1256 3245 g

19 3346 21 3351 ,
97 3276 211 3358 quaesi
227 3276 272 3338 cni
289 3275 324 3337 ad
341 3275 485 3338 seriorem
502 3278 627 3339 formam
642 3293 780 3338 revocare
794 3274 925 3346 libuerit,
944 3285 1083 3355 quattuor
1102 3277 1148 3339 bis
1164 3278 1264 3341 nomi·

98 3379 200 3452 nibus,
215 3379 327 3451 Ciraus,
344 3377 461 3454 Noctis,
475 3378 577 3452 Erebi,
594 3377 721 3451 Tartari,
740 3378 799 3440 elno
816 3376 960 3458 principia
976 3378 1132 3458 significari
1148 3381 1263 3455 dixerit,

99 3502 226 3564 quorum
247 3483 370 3546 alterurn
390 3476 472 3562 χάος
491 3483 552 3547 sire
565 3475 630 3560 νύξ,
646 3483 768 3546 aitenuu
785 3472 898 3566 ἔρεβος
912 3482 973 3545 sire
986 3476 1150 3567 τάρταρος
1169 3485 1264 3549 suerit.

100 3591 284 3668 Quamquam
306 3587 367 3649 tieri
389 3596 488 3669 potest
502 3587 604 3661 etiarn,
621 3598 654 3651 nt
672 3608 707 3650 ea
723 3587 801 3649 Cbao
823 3584 888 3648 Nox
909 3596 938 3649 et
957 3590 1044 3650 irater
1063 3588 1127 3651 eius
1142 3589 1265 3665 Erebns,

100 3691 150 3773 aqui
172 3691 250 3754 idem
270 3691 426 3766 Tartarus,
446 3691 620 3775 prodierint
655 3690 730 3753 b'am
752 3701 852 3771 poeta,
874 3690 1041 3755 ioculariter
1060 3703 1174 3756 tautum
1195 3697 1268 3759 baec

100 3797 274 3872 traducens,
299 3815 362 3860 rem
385 3797 549 3860 accuratius
570 3813 737 3877 proponere
761 3794 832 3857 nibil
859 3814 935 3876 optus
956 3796 1064 3860 babuit.
1099 3798 1157 3861 Sed
1177 3819 1266 3863 αιτιοι

101 3901 184 3974 iliud,
205 3900 230 3963 si
246 3901 396 3982 epitheton
417 3901 479 3964 eius
495 3892 677 3985 ὑπηνέμιον
691 3900 857 3980 urgendum
869 3910 928 3975 est,
948 3900 1013 3964 Noa
1028 3921 1063 3963 ex
1080 3913 1174 3964 semet
1193 3903 1267 3985 ipsa,

101 4003 181 4066 nudo
198 4012 363 4084 generante,
378 4004 529 4086 peperisse
545 4003 649 4066 dicitur
664 4003 693 4066 in
705 4001 791 4065 Erebi
806 4001 874 4065 sinn
889 4023 923 4065 ac
934 4022 1062 4079 recessu,
1077 4006 1157 4068 uarie
1168 4008 1267 4070 exclu-

102 4128 154 4172 sus
170 4107 284 4190 Cupido
300 4129 316 4169 e
331 4107 410 4171 Cimo
427 4108 487 4171 sive
501 4107 596 4191 prima
613 4105 731 4169 naateria
747 4106 820 4169 deos
835 4107 916 4171 alites
932 4128 1112 4191 orrrnemque
1127 4110 1267 4193 deinceps

102 4229 202 4274 rernm
219 4210 436 4274 uuireesitaem
452 4209 637 4293 produxerit,
654 4209 761 4272 innotis
777 4209 916 4275 nimirum
933 4213 1010 4275 iuter
1025 4233 1058 4276 se
1073 4224 1199 4298 apteque
1215 4235 1267 4278 co-

102 4313 209 4396 pulatis
224 4333 323 4378 rerum
339 4313 502 4391 elementis,
516 4332 590 4395 qnae
604 4311 635 4375 iu
651 4313 731 4377 Circo
747 4315 872 4378 contusa
885 4315 1028 4380 latebant:
1044 4318 1201 4400 possitque
1215 4319 1268 4383 ab·
