2962 4808
183 565 248 627 dem
269 564 356 626 deum
372 560 437 624 aliis
453 546 627 642 Cupidinem
643 562 707 625 aliis
722 562 858 627 Cererem
874 562 966 627 uideri
982 565 1129 646 potuisse,
1149 576 1183 631 ut
1196 569 1345 634 masnilo·

184 665 337 738 lominum,
358 674 473 746 patrem
496 663 583 726 simul
607 683 708 726 rerum
727 686 761 727 ae
780 667 973 746 genetricem,
994 669 1245 748 quemadmodum
1266 673 1345 754 apud
1447 745 1450 750 ¹

183 767 329 848 0rplricos
344 785 462 848 quoqne
477 766 603 842 l‘lmrms,
618 787 705 850 quem
721 779 749 832 et
765 768 863 851 ipsum
874 757 1007 853 Ἔρωτα
1022 773 1263 852 cognominatum
1279 794 1347 837 esse

182 869 322 941 uidimus,
349 864 455 953 θῆλττς
481 864 536 932 κατ’
561 863 697 955 γενέτωρ
720 871 899 948 dieiturttl,
926 870 1054 953 itemque
1078 872 1114 934 de
1133 874 1201 937 lore
1221 876 1346 956 legimus
1384 920 1385 924 =

183 967 265 1048 Ζεῦς
291 961 394 1058 ἔρσην
421 965 543 1054 γένετο,
573 968 656 1049 Zet-g
682 963 851 1056 ἄμβροτος
876 963 998 1035 ἔπλετο
1025 965 1209 1061 νῦμφηὶθ),
1234 977 1348 1061 aliaque

183 1076 422 1158 androgynorum
439 1075 562 1138 oleorum
578 1078 709 1158 sexempla
726 1076 807 1140 facile
823 1075 941 1157 congeri
959 1085 1096 1156 possunt.

267 1178 305 1241 Ut
320 1179 349 1240 in
361 1177 500 1241 (labiliois
516 1179 774 1260 repercuterem
793 1179 949 1242 Eleusiniis
969 1199 1088 1262 equoque
1103 1180 1279 1264 Cupidinem
1296 1205 1348 1247 eo·

104 1289 106 1292 ’
184 1282 389 1363 smogonirnm
405 1283 643 1365 mptlrolognrmn
659 1282 802 1346 industrie
820 1283 1021 1364 deprehendit
1048 1283 1160 1366 Nempe
1174 1286 1318 1350 doeemur
1333 1307 1349 1350 a

184 1385 326 1450 Pausania
342 1386 394 1460 lx,
411 1386 466 1461 27,
482 1388 517 1460 3,
534 1387 624 1449 lesisse
639 1369 767 1469 lipmnos
784 1387 928 1468 quosdam
944 1387 975 1448 in
990 1386 1223 1468 Cupnltnemw)
1239 1388 1275 1451 ab
1291 1389 1349 1452 Οτ-

184 1490 261 1571 pheo
277 1500 306 1552 et
320 1489 454 1572 Pamplro
470 1509 524 1571 pro
536 1490 711 1571 lycontius,
726 1490 819 1554 Attica
835 1501 930 1571 pente,
944 1490 1140 1573 compositos,
1156 1510 1232 1573 equos
1248 1491 1287 1555 illi
1303 1492 1350 1555 in·

185 1601 320 1655 tessaura
333 1613 385 1654 sna
397 1601 558 1666 cantarent,
575 1611 669 1673 neque
682 1592 875 1675 improlmlailo
887 1593 977 1655 sideei
994 1600 1101 1674 potest,
1117 1593 1147 1655 in
1158 1593 1206 1656 liis
1218 1594 1349 1676 hymnis,

185 1695 234 1776 qui
250 1695 358 1776 Orphei
379 1714 448 1757 esse
462 1695 658 1776 putabuntur,
680 1714 742 1757 non
759 1696 920 1759 admodum
936 1696 1051 1758 diversa
1066 1696 1103 1759 de
1118 1694 1260 1777 Cupidine
1275 1697 1352 1760 elicta

186 1798 286 1871 luisse,
302 1817 389 1879 qnam
406 1816 482 1878 quae
498 1797 645 1878 hodieque
656 1818 689 1859 ex
703 1799 901 1879 Orplrieorum
914 1801 1058 1882 reliqniis,
1070 1820 1162 1882 quum
1175 1801 1351 1883 antiquiori·

186 1900 255 1974 lius,
275 1909 336 1962 tum
357 1899 409 1971 iis,
430 1918 504 1980 qnae
519 1899 691 1962 recentioris
708 1899 834 1963 lalirieae
849 1910 933 1973 sunt,
954 1911 1185 1982 cognoscuntur.
1215 1903 1352 1985 Lycomi·

186 2003 288 2066 darum
305 2011 402 2065 autem
420 2010 536 2082 gentem
553 2001 582 2063 in
600 2001 754 2064 Eleusiniis
771 1993 952 2087 δᾳδουχίας
962 2003 1128 2066 sacerdotio
1142 2007 1274 2067 lunatam
1285 2024 1354 2068 esse

188 2229 317 2279 tractando
329 2227 406 2279 nihilo
419 2226 600 2294 expeditiorem
614 2225 677 2289 lleri,
690 2225 736 2277 sed
749 2225 832 2293 podius
844 2232 914 2277 eerta
927 2242 991 2293 quae
1004 2227 1110 2293 luerunt,
1123 2241 1153 2279 ea
1167 2226 1262 2279 ineerta
1273 2228 1355 2292 reddi,
1432 2225 1441 2234 '

188 2315 300 2382 equidem
313 2314 377 2366 liuud
391 2313 519 2378 intelligo,
536 2328 583 2363 eur
594 2312 740 2380 mp'tltologo
753 2311 809 2379 plus
821 2312 1040 2364 vererundnndum
1053 2313 1087 2364 eit
1098 2327 1171 2379 quam
1183 2313 1353 2380 grammatico,

188 2401 226 2452 eui
243 2401 326 2470 aliqua
343 2400 476 2453 neseieudn
493 2416 552 2450 esso
570 2405 646 2450 uetus
663 2398 740 2450 edieit
755 2398 922 2466 prouerbium.
947 2398 1009 2451 Nam
1022 2415 1096 2466 quum
1109 2400 1133 2451 in
1146 2398 1211 2451 omni
1223 2415 1318 2466 genere
1330 2408 1358 2454 et

188 2488 312 2541 varietate
325 2488 455 2557 dqetriuae
472 2485 630 2554 antiquariae
647 2485 724 2536 multu
742 2484 806 2548 sint,
824 2501 887 2552 quae
905 2485 929 2536 in
946 2493 1077 2537 ueternum
1094 2485 1290 2552 ignorabantur,
1306 2494 1358 2540 tune

191 2575 251 2625 ltaee
262 2575 377 2641 quaestio
395 2575 426 2625 de
444 2573 541 2624 cabiris
559 2588 607 2621 non
625 2571 697 2621 nolsls
714 2570 795 2621 solum
813 2571 857 2621 sed
875 2571 1002 2623 ueteribus
1019 2586 1116 2638 quoque
1134 2586 1221 2637 parum
1237 2573 1357 2639 expedita

189 2659 243 2728 l'uit,
256 2661 280 2712 id
292 2661 357 2728 quod
371 2675 465 2711 sumam
478 2657 661 2710 sententiarum
671 2655 808 2707 diversitas
817 2664 893 2723 utque
902 2657 965 2708 adeo
978 2657 1141 2726 repugnantia
1151 2656 1272 2721 ostendit,
1285 2656 1359 2708 Stra·

190 2746 309 2815 bonisque
322 2747 400 2816 ipsius
412 2745 567 2800 contentae
591 2744 700 2797 lietbeelr.
716 2743 773 2809 elul.
787 2759 810 2810 p.
827 2741 936 2809 lltltlsq.

257 2834 305 2898 ts)
324 2835 430 2888 l’rorlus
444 2835 467 2887 in
480 2833 577 2887 Timar.
589 2832 610 2884 ll
624 2848 647 2900 p.
665 2831 712 2883 130
718 2830 738 2882 ll
753 2830 813 2893 (303
826 2829 920 2893 Setun).

257 2922 304 2987 tit)
323 2922 403 2974 llrist.
417 2921 448 2973 de
460 2921 551 2973 mundo
564 2935 585 2971 e.
598 2918 623 2971 i.
647 2916 750 2970 stultae.
763 2915 817 2967 tter.
831 2915 870 2982 pli.
883 2913 901 2980 l,
914 2915 929 2964 a
943 2932 966 2983 p.
977 2913 1019 2966 tt.

258 3007 305 3070 ool
324 3008 376 3060 llos
389 3008 503 3077 lrpmnns,
517 3007 538 3059 si
552 3005 655 3058 luerunt
667 3003 780 3056 l'lntonis
792 3008 887 3067 aetate,
900 3002 1030 3054 admodum
1043 3008 1115 3053 rorte
1127 3001 1272 3054 eeeonditos
1284 3010 1359 3072 atque
1410 3007 1412 3013 ’

191 3093 289 3156 igninum
307 3092 386 3144 luisse
403 3093 508 3158 relliqua
525 3109 540 3142 e
558 3091 663 3144 Phaedri
682 3090 796 3158 querela,
816 3087 932 3156 Sprsrpos.
950 3088 1002 3140 ed
1020 3105 1042 3156 p.
1060 3086 1147 3139 llill:
1167 3081 1201 3139 mi
1218 3083 1314 3141 δεινὸν
1325 3117 1358 3128 -

189 3171 284 3236 ἄλλοις
294 3179 349 3247 μέν
361 3194 416 3230 rior
432 3178 507 3231 deuio
520 3171 625 3247 ὕμνους
642 3177 686 3228 ard
701 3171 906 3232 anacirardum
921 3169 978 3226 r'md
992 3175 1048 3226 τῶν
1060 3173 1187 3239 ποιητῶν
1199 3175 1358 3243 πεποτημέ-

193 3279 263 3325 rore,
277 3263 314 3331 aqi
327 3261 358 3316 dl
365 3257 479 3336 Ἔρωτι,
491 3257 643 3331 τηλικούτῳ
656 3255 715 3314 ὄντι
729 3263 797 3331 (tergi,
808 3259 881 3332 pendi
897 3258 945 3315 ἕντι
959 3256 1077 3313 ποτ’ντοτε
1089 3254 1231 3312 τοσούτων
1243 3254 1359 3328 γεγονό-

194 3364 247 3401 των
259 3349 384 3415 ποτηττόν
397 3351 580 3416 πεπονηκέναι
593 3346 685 3419 paqdle
696 3343 850 3421 iperedpunv,
863 3349 1015 3416 Quamquam
1026 3347 1049 3399 in
1062 3345 1294 3413 praereptura
1307 3345 1359 3398 llo·

194 3436 302 3486 uerldae
314 3435 410 3503 quidam
420 3436 538 3487 dieantur
551 3432 580 3486 ἔτι
592 3435 649 3486 τῶν
659 3429 813 3488 ἀποθέτων
822 3432 900 3486 ὄντων
909 3434 1024 3501 prolerre
1033 3427 1086 3485 delo
1100 3431 1153 3497 ἔντη
1166 3433 1207 3490 alc
1219 3423 1360 3503 τὸνἝρω·

195 3536 241 3582 rn,
252 3506 293 3571 ὧν
308 3517 340 3571 τὸ
357 3518 451 3589 ἕτερον
468 3514 545 3572 πάνυ
562 3515 722 3587 ὑβριστικὸν
733 3519 779 3570 arel
792 3512 826 3569 nd
839 3513 955 3588 σφόδρα
967 3534 992 3569 τι
1007 3516 1156 3590 ἔμμετρον.
1177 3512 1314 3588 Ὑμνοῦσν
1328 3514 1359 3570 dl

194 3590 247 3657 dos
267 3599 344 3667 „rte
360 3598 389 3656 δ’
410 3597 468 3671 ἦτον
483 3605 582 3671 θνητοὶ
593 3599 767 3675 μέν”Ερωτττ
779 3604 896 3655 καλοῦσι
910 3597 1048 3668 ποτηνόν,
1069 3596 1219 3655 Ἀθάνατοι
1237 3599 1269 3654 dl
1287 3601 1361 3654 Ila(-

196 3706 269 3759 ρωτττ
281 3683 329 3752 did
343 3684 534 3760 naapdqoiaov
545 3683 682 3760 ἀνογτὴν,
695 3705 758 3758 quea
770 3705 862 3742 versus
875 3705 908 3741 ex
920 3689 1006 3758 aliquo
1019 3704 1106 3740 eorum
1119 3689 1279 3756 hymnorum,
1297 3703 1360 3756 quoa

197 3775 345 3842 Lpeomidae
361 3775 510 3838 eerineriut,
530 3775 666 3827 l'assmiua
683 3790 741 3827 esee
758 3776 903 3842 auspicatur
918 3775 950 3826 ad
968 3774 1065 3826 Musae.
1085 3789 1107 3840 p.
1122 3774 1163 3825 55.
1192 3771 1315 3838 Temere,
1332 3781 1361 3829 ut

194 3857 313 3909 arbitror.
342 3858 480 3913 Potuerunt
497 3862 563 3913 enim
580 3863 639 3913 duo
655 3860 810 3913 versiculi
830 3856 978 3926 (deludere)
996 3861 1027 3911 de
1040 3856 1161 3926 Cupidine
1178 3858 1253 3910 etlam
1267 3858 1290 3908 in
1302 3857 1360 3909 aliia

194 3942 344 3994 eanuiuibus
361 3959 432 4010 esse,
449 3962 497 3996 nnn
515 3946 596 3997 solum
614 3947 638 3998 in
657 3947 754 4014 hymnis
773 3947 797 3997 in
815 3947 896 4014 ipsum
915 3944 1060 4012 Cupidinem
1078 3944 1231 4011 compositis.
1259 3943 1293 3994 Et
1304 3942 1360 4009 quia

195 4029 330 4095 spondent,
347 4044 436 4080 reuera
456 4030 479 4081 in
495 4031 579 4098 aliquo
598 4031 785 4083 llomeridaruau
804 4031 914 4082 camnine
932 4032 1092 4096 possessus,
1110 4044 1165 4079 eum
1179 4029 1240 4080 mira
1254 4028 1360 4078 nominis
1436 4093 1439 4098 ,

196 4113 297 4165 tletione
309 4113 429 4180 auctrique
442 4113 561 4179 laesione,
574 4116 702 4180 extitisse,
713 4133 744 4167 ae
756 4133 804 4167 non
817 4115 901 4184 potius
912 4114 944 4166 ab
958 4117 1011 4183 ipso
1023 4114 1129 4167 Plutone
1140 4114 1288 4166 ioculariter
1300 4128 1361 4164 eon·

16 4203 18 4207 ’
82 4261 85 4266 Α
197 4198 269 4250 netes
281 4201 354 4248 esse?
376 4198 423 4262 Qui
434 4205 516 4250 autem
535 4201 686 4252 coniecturis
704 4201 791 4253 ludere
807 4209 906 4267 amant,
923 4201 947 4252 lai
961 4208 1079 4268 poterunt
1092 4200 1226 4268 Πτίρωτττ
1237 4198 1307 4250 illum
1319 4197 1366 4250 tv

195 4282 331 4351 terpretari
343 4282 374 4332 de
386 4299 417 4333 eo
430 4284 563 4351 Cupidine,
576 4286 616 4352 qui
634 4287 796 4354 pinnatus,
816 4294 931 4353 tanquam
944 4285 1046 4354 proprio
1058 4285 1178 4355 epitheto,
1190 4284 1361 4353 appellatura

195 4367 318 4420 Geerone
329 4367 354 4419 d.
366 4365 398 4420 N.
409 4367 439 4418 u.
453 4367 492 4434 lll,
505 4367 547 4434 2³,
559 4369 601 4435 dt,
620 4369 713 4423 Dmnae
725 4373 819 4440 primae
832 4380 859 4424 et
871 4370 989 4424 Mercurii
1003 4370 1064 4423 lilio.
