2962 4808
650 366 771 466 ut*

91 558 265 627 lliuerram,
283 571 342 617 uua
360 553 487 616 maxime
505 554 630 638 insignis
643 566 689 620 est
703 557 895 639 Proserpina,
914 574 1001 638 qaum
1015 553 1139 617 eandem
1152 562 1183 615 et
1196 551 1259 615 lle·
1280 554 1316 609 ts

93 669 177 724 caten
196 669 226 722 et
240 658 362 725 Dianam
380 657 488 721 dictam
508 678 575 722 esse
595 661 833 724 memoravimus.
863 659 942 722 llaec
954 678 990 721 ex
1004 657 1138 739 Apolline
1151 675 1260 718 norem

93 764 194 828 llusas
216 761 528 846 parit⁴⁸l,·quarum
552 765 629 846 apud
654 764 818 827 Hesiodum
843 763 930 844 longe
953 761 1067 824 diversa
1091 760 1175 840 origo
1199 770 1259 821 est:
1347 838 1352 847 Ι

94 866 196 930 eadem
211 885 227 929 a
243 866 369 928 Plutone
383 865 499 946 rapitur
510 886 545 928 es
560 887 671 949 eoepre,
691 877 724 930 ut
737 867 865 939 ridetur,
878 865 1033 928 Furiarum
1047 872 1141 926 nister
1155 865 1188 925 ht
1197 868 1209 907 ⁴
1218 865 1262 937 θ),

95 987 222 1052 quorum
243 968 311 1031 illud
330 968 417 1031 etiam
433 968 580 1032 llesiodus
599 980 715 1044 narrat,
734 971 858 1033 alterum
873 968 1010 1050 Omlrieis
1029 965 1184 1049 proprium
1200 975 1261 1028 est:

95 1075 198 1138 eadem
212 1072 339 1155 denique
352 1090 369 1136 a
383 1071 452 1135 lore
467 1092 639 1156 comprssu
654 1074 795 1156 Zagreum
810 1072 884 1142 edit,
900 1071 950 1152 qui
966 1089 1058 1151 quum
1072 1090 1090 1132 a
1104 1069 1260 1133 'litandus

95 1178 265 1242 interiectus
279 1184 366 1250 esset,
380 1175 499 1258 iupiter,
515 1177 604 1240 corde
618 1177 668 1241 lilii
683 1177 833 1250 derorato,
848 1194 918 1238 mox
932 1174 1104 1256 Dionysum,
1119 1183 1260 1255 tanquam

95 1282 221 1346 alterum
233 1278 389 1362 Zagreum,
409 1289 545 1361 procreat
554 1283 621 1358 ³⁰),
639 1280 670 1344 iu
684 1280 768 1344 euius
783 1278 934 1342 maiestate
948 1278 1145 1361 praedicanda
1160 1278 1263 1341 'lireo-

96 1384 183 1467 gonia
197 1383 322 1448 desiisse
335 1382 457 1447 ridetur.

180 1487 308 1551 'lantum
328 1487 365 1549 de
380 1485 516 1568 Orpheo:
538 1495 652 1550 restant
671 1487 745 1561 ihm,
764 1503 892 1569 quonum
907 1483 1039 1547 earmina
1053 1485 1263 1567 cosmogonica

98 1602 148 1657 aut
173 1588 347 1671 theogonica
373 1587 465 1651 luisse
491 1588 642 1664 dicuntur,
667 1590 754 1665 alter.
784 1588 903 1652 ultimae
928 1588 1047 1669 etipse
1072 1588 1265 1670 antiquitatis,

97 1693 336 1776 Palaephatus
351 1689 547 1763 Atheniensis,
563 1690 601 1754 de
615 1711 675 1773 epm
692 1690 799 1753 Suidas
814 1690 886 1753 liaeo
900 1701 1059 1753 memorat:
1081 1683 1266 1776 liudoino-

96 1817 156 1874 τος
167 1787 354 1880 Ἀθήνησιν
375 1784 555 1871 ἐποποιός,
582 1785 654 1872 oleis
667 1785 826 1858 Ἀκταίου
848 1787 907 1856 καὶ
933 1789 1070 1871 Βοιοίς,
1093 1785 1125 1856 oi
1149 1789 1187 1858 ds*
1206 1786 1267 1857 ’lo-

98 1892 213 1976 κλίοος
239 1898 276 1976 (l.
299 1888 497 1974 Διανίίοας)
525 1890 583 1959 καί
609 1888 836 1979 Μετανείρας,
869 1885 902 1957 oi
930 1890 968 1958 ds*
986 1887 1123 1978 Ἑρμοῦ*
1155 1889 1268 1979 γέγονα

99 1997 137 2067 dd
158 1993 244 2065 κατά
265 2018 360 2075 τινας
379 1993 465 2081 μετὰ
487 1992 677 2085 Φημονόην,
704 1994 790 2061 κατὰ
817 1989 849 2061 d’
878 1988 999 2074 ίίίλοις
1026 1993 1083 2061 καί
1110 1995 1179 2081 πρὸ
1205 1991 1267 2062 αι’·-

98 2101 173 2191 reis·
200 2094 327 2188 ἔγραψα
348 2095 575 2182 κοσμοποιίαν
597 2093 646 2178 είς
667 2092 733 2187 ἴαν]
756 2095 793 2177 ε’,
807 2091 1019 2177 >forinsecos
1039 2095 1099 2165 καί
1111 2092 1268 2184 Ἀρτέμι-

100 2204 159 2284 δος
173 2199 283 2290 γονᾶς,
307 2193 373 2288 ἔπη
397 2197 435 2286 ρ’,
459 2194 662 2290 Ἀφροδίτης
682 2198 739 2267 καί
755 2195 903 2289 ’Ἑρωτος
924 2199 1038 2290 (μονὰς
1059 2198 1117 2267 καί
1138 2199 1267 2286 λόγοις,

101 2300 167 2395 ἴπρ
189 2302 223 2386 ε’,
239 2298 388 2391 Ἀθηνᾶς
408 2295 479 2391 ἔριν
499 2299 558 2369 καί
579 2302 806 2383 Ποσειδῶνος,
829 2296 893 2392 ἔπη
917 2299 954 2384 d',
977 2308 1115 2392 Λητοῦς
1137 2300 1268 2369 πλόκα-

99 2429 177 2494 μονι
205 2410 277 2474 alter
301 2407 448 2489 aliquanto
473 2407 636 2481 recentior,
660 2429 715 2473 nec
737 2419 836 2472 umen
863 2410 954 2472 multo
979 2410 1078 2472 minus
1102 2410 1266 2479 fabulosus,

101 2511 331 2597 Epimenides
345 2510 516 2586 Cretensis,
540 2511 625 2574 cuins
644 2511 847 2594 Theogoniam
873 2512 965 2576 luisse
984 2511 1109 2594 legimus
1127 2533 1269 2579 uersuum

102 2617 178 2682 hnud
198 2615 299 2680 minus
318 2614 448 2698 quinquo
469 2614 590 2679 milium.
622 2616 650 2678 ls
669 2616 811 2700 principia
832 2616 968 2679 statuisse.
988 2615 1096 2682 dicitur
1115 2620 1220 2682 terem
1240 2630 1271 2683 et

102 2720 241 2795 Noctem,
256 2740 290 2783 er
311 2720 420 2802 quihus
434 2718 588 2784 Tartarum
610 2729 723 2784 onum:
745 2719 792 2783 his
813 2719 906 2783 trihus
922 2719 999 2782 inter
1014 2741 1047 2783 se
1061 2721 1161 2784 mixtis
1180 2742 1270 2786 ornnr

102 2824 245 2898 extitisse,
261 2842 296 2885 ox
312 2842 407 2905 eoque
421 2821 505 2886 aliam
520 2822 660 2905 deinceps
675 2842 773 2886 renam
790 2823 1007 2904 generationem
1024 2836 1163 2889 exortam.
1193 2826 1272 2889 llaec

104 2926 224 3008 quidem
243 2924 414 2988 damascius
435 2927 524 2988 refert
544 2944 573 3008 p.
587 2925 663 2989 ³83:
693 2925 819 2989 loannes
837 2935 935 2988 autem
954 2925 1068 3008 Lycius,
1088 2927 1124 2989 dc
1143 2928 1270 2990 mensib.
1395 2962 1399 2969 ·

104 3030 151 3103 lv,
167 3028 219 3102 tt,
240 3029 372 3090 neonem
397 3026 433 3090 nb
453 3026 627 3109 Epimenide
647 3027 799 3091 inductum
820 3048 886 3090 esso
904 3028 945 3090 ait
963 3037 992 3090 et
1007 3028 1161 3102 Naturam
1188 3031 1271 3093 illum

104 3150 227 3203 marem,
243 3130 321 3192 hanc
337 3128 490 3203 leminam;
511 3130 625 3211 hosque
639 3130 799 3193 Dioscuros
814 3131 976 3212 appellatos
991 3149 1071 3193 esse:
1086 3132 1165 3214 quod
1181 3152 1271 3214 quam

105 3234 249 3298 rationem
268 3231 402 3295 habuerit
420 3251 515 3315 quoue
538 3233 629 3296 modo
649 3233 721 3296 haec
741 3232 882 3314 principia
903 3253 969 3296 eum
992 3233 1046 3296 illis
1066 3234 1271 3317 superioribus

105 3338 262 3402 coniuncta
277 3335 392 3409 luerint,
408 3334 535 3418 perspici
551 3334 607 3397 iam
624 3352 684 3397 nou
700 3343 808 3416 potest.
820 3370 862 3382 -
874 3334 1169 3401 Commemorahatur
1179 3355 1272 3421 porro

106 3439 241 3504 Oceanus
257 3438 379 3519 eiusque
395 3436 450 3499 hlia
463 3437 544 3520 Styx,
559 3436 669 3501 Piranti
686 3436 786 3501 nescio
803 3438 849 3500 cui
864 3438 1009 3520 copulata,
1020 3460 1056 3502 ex
1071 3460 1167 3521 eoque
1178 3452 1275 3503 mater
1312 3445 1314 3450 '

107 3545 181 3607 lacta
201 3540 364 3615 Echidnae,
386 3558 460 3620 quae
479 3541 557 3622 apud
578 3539 738 3603 llesiodum
760 3539 867 3603 Phorci
887 3550 917 3604 et
935 3541 1022 3606 Cetus
1042 3543 1098 3605 tilia
1118 3552 1179 3618 est,
1199 3544 1273 3606 dum
1307 3607 1310 3612 ,

108 3645 187 3729 Styx,
201 3642 309 3708 Oceani
325 3640 412 3705 etiam
428 3641 477 3705 hic
491 3642 561 3718 lilia,
583 3662 618 3705 ex
633 3641 760 3705 Pallante
782 3632 878 3721 Βίαν,
902 3637 1043 3726 Κράτος,
1066 3640 1185 3730 Ζῆλον,
1207 3638 1273 3708 Νί-

107 3769 167 3836 κην
180 3748 211 3811 h.
227 3767 252 3811 c.
268 3745 348 3819 Vim,
362 3744 477 3820 hohur,
496 3745 736 3820 contentionem,
753 3744 912 3808 Victoriam
931 3748 1085 3829 peperisse
1100 3747 1217 3812 dicitur.
1231 3780 1275 3797 -

110 3926 376 3939 -ο-ο--ο----
381 3924 410 3934 --

109 4036 164 4089 illsr
189 4033 246 4088 Kal
266 4032 361 4098 Μῆτις
379 4030 492 4102 πρῶτος
506 4029 625 4101 γενέτωρ
637 4031 683 4083 καὶ
693 4025 785 4102 Ἔρως
800 4027 985 4102 πολυῐερπὴς.
1003 4032 1048 4085 sel
1061 4029 1100 4093 uir
1112 4031 1168 4105 μίν
1179 4036 1277 4103 Μῆτις

109 4125 194 4175 staret
208 4115 258 4188 ripn
266 4112 392 4185 Ἀθηνᾶν,
404 4112 442 4176 ὡς
453 4109 581 4188 δίἜρως
593 4109 738 4186 ίαογεννᾷ
751 4115 801 4184 τὴν
811 4112 944 4189 ίραακίρν
956 4114 1062 4189 scepeie.

178 4206 219 4270 ts)
238 4202 322 4256 Procl.
335 4203 361 4255 iu
372 4202 441 4254 Crat.
454 4217 478 4270 p.
491 4201 547 4254 1⁰2.
569 4201 678 4254 Loheck.
691 4217 716 4270 p.
726 4203 784 4254 dit.

177 4289 221 4355 so>
240 4287 350 4341 miset.
362 4286 455 4356 psas.
469 4286 493 4338 r.

179 4374 222 4442 so)
241 4373 351 4427 mnes
363 4391 386 4442 p.
397 4371 550 4425 ssi-sos.
