2962 4808
709 381 729 442 3

137 550 184 613 bis
198 551 286 615 etiam
302 553 482 635 antiquiores
498 553 588 616 luisse
602 572 690 616 neruo
705 553 793 614 bodie
807 550 927 623 dubitrd,
944 562 1099 634 potestque
1113 552 1199 614 etiarn
1215 553 1298 634 ipso·

137 671 204 717 rum
233 655 409 718 testimoniis
442 656 570 737 probari.
611 656 744 719 Ceterum
775 674 864 738 quum
894 666 1010 719 comtet
1035 676 1113 719 triario
1139 660 1197 718 lere
1223 656 1299 718 imer

138 776 257 832 omnes,
286 776 361 838 quae
385 757 503 821 Hesiodi
527 759 647 821 norrrine
672 762 800 822 meratina
827 762 974 832 lerurnur,
1008 758 1171 822 llomeriris
1196 779 1299 821 reeen-

138 861 212 922 tiora
232 880 311 934 esse,
332 861 371 923 ita
392 881 429 924 ne
449 860 477 924 id
497 861 614 942 quidem
636 861 760 923 dubitari
781 882 870 943 posse
885 862 1013 935 ridetur,
1032 881 1121 923 irrorare
1135 863 1191 923 boe
1206 881 1299 943 gertus

137 981 278 1044 poeseos,
298 963 377 1044 quod
397 962 575 1026 llesiodeum
595 963 690 1026 diune
710 962 789 1034 lieet,
809 964 899 1025 altero
922 963 994 1036 isto,
1015 963 1185 1039 llomoriro,
1204 964 1300 1026 serius

137 1074 239 1128 natum
268 1074 354 1149 atquo
380 1067 524 1129 excultum
550 1086 625 1128 esse.
664 1069 805 1147 Apertum
830 1076 874 1128 est
897 1065 990 1140 eninr,
1020 1067 1096 1128 sicut
1119 1087 1184 1129 esse
1208 1068 1247 1129 dii
1272 1079 1301 1129 et

138 1169 294 1250 providere
321 1165 412 1233 'rebus
442 1170 578 1233 humanis
607 1169 701 1231 raarrlto
725 1178 792 1231 auto
815 1169 917 1231 crediti
942 1179 1025 1243 sunt,
1056 1191 1145 1251 equam
1171 1172 1208 1232 de
1233 1183 1300 1233 ortu

137 1291 240 1334 eorum
260 1279 346 1353 atquc
361 1272 584 1353 cognationibus
600 1272 763 1352 quaesitum
780 1281 837 1344 est,
858 1271 901 1333 sic
916 1273 1003 1334 etiam
1020 1274 1055 1334 de
1071 1273 1195 1335 bereum
1211 1274 1300 1335 rebus

137 1374 227 1455 gestis
242 1374 351 1438 cantari
365 1385 432 1437 anto
446 1383 583 1455 coeptum
599 1394 674 1446 esse,
693 1392 780 1454 quam
797 1393 951 1436 recensum
969 1375 1110 1448 oratorium,
1125 1375 1173 1455 qni
1187 1396 1301 1437 rrreauo·

138 1486 203 1540 ratu
223 1476 303 1558 digni
322 1485 436 1551 essent,
461 1476 627 1538 institutum
649 1473 815 1557 stirpesque
834 1495 937 1538 eorum
958 1486 987 1538 et
1006 1478 1196 1555 cogitationes
1216 1491 1302 1560 atqne

138 1579 292 1643 antelatos
315 1578 345 1641 in
364 1597 425 1642 uuo
445 1579 523 1642 reiut
542 1587 702 1658 conspeetu
723 1577 912 1659 conpositas.
953 1578 1025 1640 narn
1043 1581 1121 1641 bum
1135 1580 1164 1641 in
1181 1582 1301 1643 airardum

139 1684 175 1746 de
190 1682 246 1747 diis
262 1691 348 1765 atque
361 1682 500 1745 heroibus
516 1680 624 1763 exponi
639 1700 700 1743 nou
721 1682 825 1761 potuit,
840 1681 897 1743 nisi
912 1691 1119 1762 posteaquam,
1138 1704 1212 1764 quae
1226 1685 1304 1747 sarie

140 1786 211 1849 olim
226 1787 263 1850 de
277 1785 410 1867 singulis,
425 1784 478 1848 alia
494 1784 559 1847 alibi
576 1793 688 1846 cantata
704 1792 796 1857 eraut,
812 1783 951 1846 diuturno
968 1796 1120 1864 poetamm
1137 1787 1235 1848 studio
1251 1807 1305 1868 per

141 1908 261 1953 omnem
276 1888 425 1953 Graeciam
445 1887 539 1968 magis
559 1887 710 1968 rrraqisque
729 1885 868 1967 divulgari
888 1899 1053 1967 coeperant.
1089 1889 1164 1952 loru
1186 1891 1304 1953 demum

140 1993 263 2057 existere
277 2000 446 2075 potueruut,
460 1990 509 2072 qui
525 1988 714 2070 multiplicem
726 1987 895 2051 huiusmodi
908 1989 1068 2052 laltrdarmn
1081 1991 1304 2073 ‹liserqmutiam

142 2115 321 2179 componore
341 2104 370 2159 et
390 2114 481 2158 unum
501 2092 584 2175 quasi
604 2102 728 2154 steunna
747 2091 886 2165 deormn,
907 2111 996 2156 urtam
1017 2095 1099 2176 quasi
1120 2092 1307 2182 asedotazq‘v

142 2191 290 2284 ἱστορίαν
310 2199 443 2264 heroicae
459 2197 560 2262 aetatis
576 2205 732 2259 conterere
747 2207 931 2260 eonamntur.
962 2198 1025 2260 lloo
1039 2211 1136 2262 amtem
1152 2211 1196 2264 est
1213 2222 1305 2283 goarius

142 2324 279 2387 poeseos,
293 2305 372 2385 quod
386 2301 564 2365 llesiodeum
580 2298 636 2362 diei
652 2308 681 2361 et
696 2299 733 2362 ab
745 2300 903 2363 llomerico
920 2301 1059 2381 distingui
1071 2304 1165 2378 dolat,
1181 2307 1305 2386 tlreopo·

143 2409 242 2472 nicum
266 2407 334 2470 illud
359 2415 389 2468 et
412 2402 661 2484 boroogonicum:
691 2403 771 2484 quod
797 2403 914 2483 quidem
936 2423 1027 2484 quarm
1047 2409 1193 2470 recernius
1214 2409 1305 2471 altero

143 2514 200 2576 isto
224 2512 287 2575 sire
307 2508 465 2572 Homerico
485 2507 568 2581 dieo,
592 2522 652 2566 nou
673 2523 776 2567 vereor
796 2524 833 2567 ue
852 2505 918 2584 quis
940 2506 978 2568 ita
998 2507 1134 2588 arripiat,
1154 2510 1238 2590 quasi
1258 2511 1305 2572 bis

143 2617 246 2691 etiam,
268 2633 342 2696 quae
357 2611 447 2676 bodie
461 2618 569 2684 estant,
583 2607 747 2672 llornericis
763 2607 943 2669 earmimlms
959 2628 1048 2671 omm
1064 2610 1131 2673 illud
1147 2633 1241 2693 gertus
1256 2634 1305 2677 re-

144 2718 257 2785 centius
276 2715 407 2781 extitisse
428 2714 553 2780 credam.
583 2712 678 2775 loriano
699 2711 836 2775 iucboata
857 2712 1029 2793 tlreogoniea
1050 2714 1095 2777 illa
1115 2727 1144 2779 et
1158 2719 1306 2799 beronge-

144 2826 209 2889 nica
224 2821 323 2907 poesis
338 2820 416 2885 baud
431 2819 518 2884 dubie
533 2818 590 2882 ianr
606 2828 667 2881 tum
680 2815 742 2891 tuit,
757 2835 848 2898 opertam
862 2815 987 2880 rarasimo
998 2819 1119 2883 alterum
1133 2821 1200 2886 illud
1213 2844 1307 2904 genna

142 2928 331 2993 llomericum
355 2928 489 2997 lloreret,
513 2929 698 3007 possuntque
717 2919 804 2983 buius
825 2919 865 2982 rei
885 2921 994 3003 aliquot
1015 2923 1134 3005 vestigia
1153 2937 1183 2990 ot
1203 2928 1307 2991 imliria

142 3033 229 3096 etiam
245 3033 275 3095 in
290 3030 347 3104 bis,
363 3027 479 3111 quaein
495 3024 629 3088 manibus
645 3031 729 3095 sunt,
751 3022 929 3085 carrrriuibus
945 3024 1108 3091 llomerieis
1124 3033 1236 3110 passim
1252 3034 1306 3094 do·
1327 3055 1344 3104 5

142 3133 334 3218 prebendiil.
370 3131 428 3194 Sed
451 3129 526 3193 sieut
545 3127 706 3191 llomorum
727 3126 825 3208 ipsum
846 3127 875 3188 in
895 3147 951 3190 suo
973 3149 1100 3209 poeseos
1120 3154 1226 3212 gernere
1246 3156 1307 3198 non

143 3239 286 3320 priimum,
312 3235 365 3298 sed
386 3233 546 3296 multorum
567 3230 710 3311 longeque
729 3229 920 3292 retustiorum
942 3251 1145 3296 successorem
1167 3237 1257 3300 troisse
1279 3240 1308 3300 in

144 3342 282 3405 confesso
301 3345 360 3410 est,
382 3335 425 3398 sic
444 3334 523 3397 baud
543 3332 631 3395 dubio
650 3331 737 3393 etiam
758 3331 930 3411 tbeoqoniea
947 3335 1088 3412 quaedam
1105 3339 1236 3401 earmina
1254 3340 1333 3402 laoc'

144 3441 291 3506 llesiodoo
307 3437 469 3520 antiquiora
485 3435 554 3498 olim
570 3434 661 3498 luisse
675 3431 853 3495 credendum
865 3443 921 3507 est,
937 3452 1011 3514 equae
1023 3437 1154 3516 (prostantis
1167 3458 1229 3502 mm
1242 3462 1311 3521 per·

145 3544 277 3609 dirrarint
290 3542 326 3607 ad
340 3539 555 3625 posteritatem,
570 3537 694 3618 aliquam
708 3544 804 3596 tamen
821 3553 923 3597 eorum
940 3539 1112 3602 niernoriam
1129 3543 1237 3605 serrari
1254 3565 1311 3626 po-

146 3650 237 3714 tuisse
260 3664 349 3710 nemo
371 3643 453 3708 facile
473 3641 579 3704 infitias
598 3638 659 3702 ibit.
694 3637 771 3719 lpsis
791 3649 869 3701 certe
890 3639 1009 3703 Graecis
1030 3642 1066 3702 elie
1086 3663 1201 3707 summa
1222 3647 1312 3709 leuius

107 3759 110 3765 '
146 3750 336 3834 tbeoqouicae
361 3766 487 3831 poeseos
512 3732 683 3826 antiquitate
707 3761 882 3824 persuasum
907 3743 975 3816 luit,
1007 3765 1099 3825 eaque
1123 3767 1172 3809 res
1198 3749 1312 3814 induxit

148 3867 249 3939 postea
264 3855 438 3926 nonnullos,
455 3860 488 3914 ut
502 3849 632 3914 cannino
648 3845 822 3926 tlreogonica
835 3846 1008 3908 recentioris
1025 3848 1149 3911 laetificae
1165 3856 1313 3917 veterilms

147 3961 202 4023 illis
223 3959 342 4022 ultione
360 3949 539 4039 antiquitatis
559 3951 687 4023 ratibus,
712 3948 803 4022 Lino,
831 3949 1006 4030 Thamyrae,
1031 3951 1168 4026 dlassaco,
1193 3959 1314 4040 Orpheo

148 4072 350 4147 supponerent
364 4078 600 4144 magnorumque
614 4053 771 4119 uonrinurn
785 4052 988 4115 auctoritatem
1003 4055 1126 4147 noticiis
1139 4063 1316 4124 commentis

151 4231 162 4238 -
177 4229 285 4240 *ww-«nm.

218 4312 242 4375 (t)
262 4309 411 4376 Singulatim
429 4308 490 4358 llaec
507 4306 676 4373 persequutus
695 4309 749 4347 son
766 4293 790 4345 io
807 4295 994 4362 comparatione
1012 4299 1160 4366 theogoniae
1177 4302 1317 4356 llesiodeoe

150 4395 393 4462 mmllomarim,a.
409 4391 472 4444 tan
485 4389 562 4443 odito.
1074 4475 1114 4504 Η
