2962 4808
771 401 830 466 130

418 589 509 653 Cuius
524 600 556 652 ιιι
570 609 709 654 nocensne
723 593 851 675 uqaues
867 593 994 657 condoce
1008 591 1121 673 puellae

520 692 639 754 hlirutoe
654 695 760 758 solitos
775 696 932 759 ‹leetitucre
948 696 1073 767 choros,

420 792 597 873 Prulnpsum
612 795 711 857 lenitur
727 796 800 858 lnrzili
816 807 926 860 tuntum
941 797 1064 879 liquore.

524 895 600 958 Tum
617 897 748 961 sonitum
764 909 849 980 rupto
864 917 989 981 corpore
1005 899 1068 961 lecit
1084 898 1180 980 llplns.

219 996 321 1078 Neque
336 996 436 1060 rcriuus
453 997 490 1060 illi
507 1017 620 1073 rursus,
636 1000 743 1080 quihus
755 1001 867 1064 Gallum
884 1021 984 1064 emero
999 1001 1089 1074 iubet,
1105 1001 1130 1062 ui
1146 1001 1264 1081 quaudo
1278 1010 1327 1064 aut
1339 1000 1382 1063 Ιι-

219 1109 304 1162 retur
317 1110 368 1162 aut
380 1101 417 1163 ad
434 1101 589 1163 llunriuum
604 1101 684 1183 ripas
699 1103 840 1175 pullulet,
864 1124 901 1166 ne
916 1104 1045 1185 rapimur
1060 1113 1089 1167 et
1103 1103 1167 1186 ipse
1181 1124 1197 1166 ι
1213 1102 1384 1186 Dryadibus,

221 1219 247 1262 ι.
263 1203 376 1283 huqq:

423 1305 476 1367 Est
491 1303 541 1367 tihi
555 1324 618 1367 uon
632 1305 708 1369 inlru
723 1308 864 1388 speciem,
880 1326 943 1370 non
958 1307 1079 1370 nomine
1098 1307 1200 1389 dispar

524 1405 756 1470 Thiodmnonteo
771 1409 925 1489 proximus
940 1411 1028 1472 ordor
1042 1410 1140 1491 llplae.

423 1507 558 1581 11ιι1ιιιι,
574 1507 635 1569 eice
651 1508 730 1588 leges
746 1509 904 1572 umbrosae
919 1512 1040 1574 llumioa
1056 1512 1156 1585 silice,

524 1608 592 1671 Siue
606 1609 717 1672 huieno
732 1619 800 1673 tuos
817 1611 933 1674 tinxerit
947 1613 1025 1675 uredo
1041 1612 1144 1696 pedes,

425 1711 491 1774 Siue
506 1711 646 1791 Gigantea
661 1711 824 1792 spatiabere
839 1714 944 1777 littoris
959 1734 1025 1789 orn,

525 1811 593 1875 Sive
607 1811 784 1895 ubicumque
799 1835 871 1896 rago
887 1817 1017 1881 llumiuis
1032 1817 1177 1898 hospitio,

425 1914 627 1996 Nympharum
644 1935 763 1998 semper
777 1916 898 1996 cupidos
914 1919 1038 1982 defende
1052 1919 1184 2000 rapinas:

526 2017 591 2079 Nun
608 2017 707 2080 ruinor
721 2019 861 2081 Ausoniis
877 2029 924 2081 est
937 2041 1022 2083 uritur
1036 2021 1074 2084 uh
1089 2021 1255 2102 Dmusiull.

222 2121 259 2183 Et
273 2121 351 2201 apud
367 2119 580 2201 Apollodomm
596 2136 715 2198 quoque
726 2120 774 2192 111,
790 2122 836 2193 td,
848 2123 878 2193 4,
891 2122 911 2183 5
926 2117 1037 2198 Ναΐάς
1050 2132 1096 2184 ιιι
1111 2118 1251 2200 Βάτεια,
1268 2120 1388 2184 nomine

222 2224 286 2285 sine
306 2222 398 2285 duhio
419 2241 434 2282 a
449 2214 569 2300 βάτοις
584 2219 613 2280 h.
626 2239 680 2281 eo
696 2219 795 2283 rubis
811 2222 914 2298 indito,
929 2225 1179 2304 quemadmodum
1190 2224 1220 2287 in
1232 2223 1387 2288 Ocennidi·

222 2325 287 2395 hus,
304 2341 378 2404 quoe
392 2340 464 2384 enne
477 2310 626 2396 Noi'oidec
640 2330 719 2393 sunt,
735 2340 793 2386 una
804 2343 821 2385 ι
832 2323 916 2386 violis
930 2314 1055 2410 Ἰάνθη,
1071 2327 1158 2389 altem
1170 2347 1186 2388 n
1198 2326 1304 2390 rosetis
1315 2317 1388 2389 ‘Pd-

222 2425 299 2489 dero
316 2423 478 2506 appellatur·
498 2422 595 2503 theog.
611 2442 636 2484 ι.
653 2423 715 2486 349
730 2435 760 2486 et
775 2425 847 2488 351.
881 2426 953 2488 ltem
978 2446 1052 2507 quoe
1070 2422 1160 2503 Ναῒς
1183 2428 1289 2492 dicitur
1308 2428 1387 2510 apud

222 2528 381 2592 l'imlumm
403 2529 438 2590 lr.
455 2526 495 2589 57
512 2544 541 2608 p.
553 2523 632 2596 585,
655 2526 746 2590 Sileni
762 2547 851 2602 uxor,
872 2548 906 2590 cx
923 2546 982 2610 quo
998 2528 1124 2591 Pholum
1140 2530 1318 2595 Centaurum
1335 2553 1387 2614 po·

221 2633 310 2715 perit,
330 2633 408 2695 hanc
422 2629 535 2695 liclimu
550 2627 641 2692 fusse
656 2629 799 2693 discimus
815 2650 850 2693 ex
865 2630 1045 2713 Apollodoro
1061 2630 1102 2706 ll,
1118 2633 1153 2706 5,
1170 2635 1198 2708 4,
1213 2633 1242 2708 2,
1258 2644 1288 2696 et
1302 2635 1387 2698 Plri-

221 2737 295 2821 lprn
310 2731 398 2813 Ναῒς
419 2728 528 2820 νύμφη
547 2731 655 2796 dicitur
673 2754 690 2797 ι
707 2733 904 2817 Xenophonte
923 2735 959 2798 de
974 2742 1065 2797 renat.
1083 2753 1107 2796 c
1128 2737 1158 2809 1,
1178 2738 1207 2798 4.
1239 2735 1387 2801 Nimirum

222 2842 299 2905 haud
317 2839 445 2904 oluurde
466 2856 610 2919 uquarum
625 2839 785 2921 nymphae,
804 2859 895 2922 quum
912 2857 1009 2902 artiore
1024 2857 1059 2901 nc
1074 2836 1148 2900 tueri
1165 2837 1285 2902 lmtlees
1300 2849 1387 2924 atque

222 2946 343 3010 arbores
360 2945 541 3017 riderentur.
558 2941 595 3005 oh
611 2941 658 3005 his
673 2941 759 3005 etiam
775 2943 933 3025 uppdlntue
948 2950 1026 3015 sunt,
1046 2959 1120 3022 qum
1130 2948 1163 3002 ut
1177 2954 1344 3007 crescerem
1354 2964 1388 3008 ne
1419 2934 1421 2940 ’

221 3052 360 3133 rigerent,
373 3050 488 3114 illerum
500 3066 610 3110 munus
623 3047 685 3110 luit.
707 3047 877 3130 Eodemque
889 3047 951 3111 iure
962 3045 1048 3110 etimu
1061 3045 1118 3120 hio,
1132 3063 1207 3126 quae
1221 3065 1329 3128 pascuo
1344 3047 1387 3110 ic·

220 3157 351 3238 rigarent
371 3152 590 3236 pecudibusque
612 3150 747 3215 alimento
767 3159 974 3233 procurarent,
999 3148 1036 3212 ab
1057 3149 1115 3211 hoc
1134 3165 1258 3212 munere
1276 3167 1387 3214 nomen

222 3259 334 3343 imponi
350 3257 455 3342 putuit,
468 3265 501 3320 ut
512 3255 543 3318 in
555 3253 749 3318 Oueonidihus
760 3255 838 3338 opud
852 3253 1012 3318 llesiodum
1025 3253 1121 3333 dreng.
1134 3270 1159 3313 ι.
1172 3251 1234 3315 354
1247 3262 1293 3316 cst
1304 3253 1387 3340 Mp·

221 3356 372 3446 λόβοσις,
387 3361 610 3442 l'eoupuuca,
625 3357 704 3441 quud
720 3358 792 3423 alios
809 3351 1028 3441 lllrdiplmu'd,
1050 3343 1071 3444 ᾗ
1090 3350 1184 3437 μέλει
1205 3350 1272 3417 τῶν
1285 3351 1385 3438 βοῶν,

222 3466 472 3549 quemadmodum
492 3463 637 3528 bubulcos
657 3481 674 3525 a
694 3462 833 3526 humliciu
854 3465 950 3546 poetis
971 3460 1166 3526 hlolihueou
1181 3458 1328 3523 nominari
1344 3459 1387 3523 ri·

222 3572 344 3635 demus:
359 3569 541 3652 omninoque
555 3585 657 3650 quum,
672 3578 705 3630 ut
719 3561 986 3654 κοιροτρόφοςι),
1002 3565 1040 3630 ito
1056 3583 1117 3628 non
1133 3561 1233 3627 minuo
1244 3573 1273 3628 et
1283 3560 1388 3651 μηλι-

187 3689 204 3742 t
222 3668 348 3762 τρύφος
367 3681 397 3736 et
412 3664 653 3758 δινδριιρόφις
672 3669 716 3733 rel
731 3661 937 3757 dpvorpdqoc
954 3669 998 3733 ris
1012 3687 1155 3750 uquarum
1171 3666 1223 3742 nit,
1241 3666 1315 3730 nihil
1331 3667 1387 3730 oh·

292 3895 321 3953 'll
340 3898 392 3949 hut
408 3894 581 3964 Adepurin,
599 3910 654 3946 eum
672 3892 800 3961 Leuuepio
815 3892 846 3944 ιι1
865 3892 963 3944 Βιιιιιίἰ
980 3891 1083 3944 Anthol.
1101 3890 1146 3944 Gr.
1164 3888 1258 3942 votv
1275 3888 1341 3956 phi
1359 3899 1387 3943 et

225 3980 400 4046 llertrbursio.
424 3980 461 4033 Cl.
478 3981 584 4033 hoeckh.
602 3979 634 4033 n.
647 3979 717 4033 l’iml.
738 3978 786 4031 136
798 3995 822 4047 p.
834 3976 893 4030 633.
917 3976 1034 4030 Ceterum
1047 3975 1175 4041 Ungerum
1193 3972 1308 4025 houlect.
1320 3971 1385 4025 Pro·

225 4073 291 4135 pert
307 4065 374 4134 pli
393 4066 463 4118 locor
479 4064 605 4134 Propertii
622 4081 708 4118 omues
725 4064 890 4129 eorriqeedm
905 4064 954 4126 uit,
976 4070 1005 4114 ut
1020 4078 1065 4131 pro
1084 4060 1226 4129 llrpudihur
1243 4057 1386 4127 ilydrluder

225 4150 397 4221 appellentur,
410 4152 489 4217 ιιΙΙι,
501 4149 665 4212 machinor,
678 4150 741 4202 utic
753 4150 835 4201 vulidr
848 4147 947 4202 cutione
960 4155 1096 4217 pernotut.

293 4235 323 4301 8)
341 4235 497 4288 hlellhoeo
509 4234 603 4287 (teceri
617 4235 680 4300 illia,
696 4233 796 4301 Pehrgl
807 4249 887 4300 uxor,
906 4249 939 4287 ex
952 4250 1001 4305 quo
1013 4233 1156 4304 Lycaonem
1168 4232 1241 4301 porte
1267 4230 1384 4300 npouot

223 4319 264 4392 tu,
275 4321 300 4391 8,
312 4322 335 4388 1,
344 4320 369 4374 3.
387 4321 473 4375 8ι1ι1.
484 4318 513 4374 ll.
526 4320 618 4390 poth
635 4321 685 4374 Alii
697 4336 743 4390 pro
754 4319 963 4392 hoecpllmn
972 4321 1100 4387 dixerunt,
1113 4319 1243 4390 npmphun
1252 4315 1385 4374 unomen.

231 4443 236 4455 .
291 4406 322 4473 3)
340 4405 401 4460 ileo.
413 4406 498 4474 thur.
509 4402 604 4474 vult,
615 4413 643 4459 et
653 4419 717 4476 qum
727 4405 836 4460 dlxlnu
847 4407 881 4460 td
891 4406 985 4460 deret.
996 4403 1123 4462 Ριιιιιιι.
1137 4419 1162 4474 p.
1173 4403 1231 4457 tto.
