2962 4808
798 382 817 443 4

226 571 379 635 conciliare
398 579 585 633 conarentur.
620 568 735 650 Operae
754 569 881 650 pretium
900 577 997 632 autem
1017 570 1118 645 luerit,
1138 570 1268 653 quaeda
1288 568 1335 632 bis
1354 586 1389 631 so

225 672 369 737 similibus
384 672 561 736 eanuinibus
577 671 679 734 tradita
694 680 773 740 scrut,
789 670 819 733 in
835 688 895 732 arno
909 670 989 734 lrrcri
1004 683 1164 755 conspeetu
1178 690 1356 757 proponere.

313 776 445 839 Primum
466 774 554 855 igitur
572 774 668 847 Lini,
693 782 797 855 poetae
817 774 963 851 Tbebani,
983 774 1118 839 blcrcurii
1137 776 1295 859 Musaeque
1314 776 1388 840 Ura·

226 881 291 943 niae
310 879 374 953 lilii,
396 899 456 944 non
477 880 593 963 quidem
614 878 785 962 theogonia,
805 878 857 941 scd
877 878 1072 960 eosmoqonia
1090 880 1289 957 terebatur⁴),
1309 878 1388 961 quod

226 994 431 1065 argumentum
455 1002 544 1066 quam
569 984 760 1047 coniunctum
785 1001 854 1047 cum
878 981 1054 1063 tbeoqonieo
1075 983 1160 1047 luerit
1179 993 1313 1065 aqaertum
1334 991 1389 1057 est,

227 1087 371 1170 siquidem
388 1088 512 1151 cicorum
527 1087 628 1150 eadem
646 1105 721 1170 quae
731 1087 834 1150 mnndi
845 1085 988 1169 principia
999 1106 1066 1149 esse
1077 1086 1280 1160 credebantur,
1296 1096 1329 1149 ut
1340 1106 1389 1149 se·

227 1191 349 1272 paratim
365 1192 438 1255 baec
452 1191 568 1255 tractari
584 1191 770 1255 nullomodo
787 1199 918 1274 possent
934 1190 962 1253 id
978 1189 1058 1272 quod
1075 1190 1118 1253 rel
1130 1190 1289 1254 llesiodeae
1304 1190 1390 1253 tlreo·

227 1294 332 1375 genias
346 1295 513 1379 exernplum
529 1295 721 1360 demonstrat
752 1295 884 1360 Ceterum
899 1292 965 1358 Lini
980 1293 1026 1358 illa
1042 1293 1234 1376 cosmogonia
1249 1293 1390 1356 baetenus

228 1409 324 1463 tamen
338 1420 354 1463 a
370 1400 528 1482 theogonia
543 1399 656 1464 ‹licersa
672 1400 764 1464 luisse
779 1400 900 1473 ridetur,
915 1398 995 1481 qued
1011 1398 1041 1460 in
1056 1397 1209 1481 principiis
1225 1396 1327 1461 nrundi
1339 1416 1391 1460 ea-

227 1504 374 1587 ponendis
385 1504 498 1587 diisque
510 1505 723 1588 antiquioribus
735 1503 1004 1569 commemorandis
1015 1502 1229 1578 continebatur,
1244 1504 1281 1566 de
1293 1501 1391 1566 iunio·

229 1608 312 1673 ribus
326 1628 489 1691 enutritque
504 1608 647 1691 stirpibus
662 1618 692 1672 et
706 1607 931 1691 cognationibus
950 1606 1077 1681 tacebam
1098 1607 1203 1670 deinde
1223 1607 1302 1689 quod
1318 1605 1392 1689 ipsis

230 1712 288 1775 illis
304 1713 407 1776 mundi
423 1711 577 1794 principiis
592 1713 706 1784 miuus,
728 1731 816 1794 quam
836 1712 873 1774 ab
895 1709 1022 1773 llesiodo
1040 1712 1148 1773 lactina
1168 1718 1228 1783 est,
1249 1728 1392 1793 personas

229 1816 354 1878 clecrrurn
369 1815 516 1889 imlnebat,
529 1815 580 1878 scd
595 1816 715 1896 propria
729 1814 823 1896 magis
839 1816 952 1878 ratione
966 1824 995 1876 et
1011 1814 1046 1877 ad
1062 1815 1309 1897 pbilosophorum
1325 1832 1393 1876 ma·

230 1918 301 1981 dum
322 1918 359 1980 de
379 1917 414 1979 iis
429 1917 617 1999 loquebatur,
637 1935 774 1999 quaeres
790 1918 854 2000 ipsa
869 1917 1048 1981 documento
1063 1925 1124 1994 cst,
1144 1938 1232 2001 quam
1247 1925 1330 1980 retus
1345 1917 1395 1979 bie

229 2020 322 2084 Linus
343 2017 496 2082 habendus
518 2018 570 2082 sit:
597 2039 666 2083 narn
686 2040 760 2102 quae
780 2039 815 2083 ex
836 2019 890 2082 ista
912 2021 1104 2102 cosmegonia
1122 2024 1296 2095 alleruntur,
1320 2039 1393 2102 proe-

230 2134 290 2187 tam
311 2124 441 2206 produnt
455 2122 572 2186 lonicae
592 2131 620 2185 et
635 2122 777 2187 Eleaticae
797 2123 1002 2206 philosophiae
1016 2125 1130 2206 placitis
1146 2126 1302 2190 imbutum.
1332 2123 1394 2187 lni-

229 2229 303 2292 tiurn
318 2227 376 2290 lroc
391 2226 457 2290 luit:

147 2323 150 2328 ’
291 2318 355 2393 'Hc
376 2322 462 2392 ποτέ
481 2349 536 2392 τοι
556 2323 672 2414 χρόνος
694 2316 805 2407 οἶτος,
828 2322 863 2391 ἐν
884 2314 913 2415 ᾦ
936 2320 1007 2412 ἅμα
1029 2321 1125 2394 πάντ’
1147 2324 1325 2419 ἐπεφύκει·

230 2452 318 2516 quem
334 2450 453 2495 uersum
469 2433 613 2512 Diogenes
628 2432 763 2496 Laertius
775 2432 914 2496 Prooern.
930 2453 960 2514 p.
976 2433 995 2497 3
1012 2436 1199 2515 Anaxagorae
1213 2435 1289 2497 riam
1304 2453 1394 2497 ruen-

231 2544 343 2597 strasse
362 2533 454 2596 credit
475 2534 511 2594 ad
527 2536 730 2609 statuendum,
749 2536 829 2616 quod
845 2554 912 2598 eum
929 2537 1067 2600 statuisse
1081 2547 1186 2600 notura
1202 2548 1261 2600 cst:
1284 2531 1396 2600 πάντα

229 2629 381 2720 χρήματα
402 2622 441 2720 ἦν
462 2626 562 2714 όμσῠ·
585 2623 658 2699 εἶτα
680 2639 753 2712 νοῦς
773 2631 884 2700 ἐλθόν
900 2629 984 2701 αἰτά
1000 2632 1208 2724 διεκόσμησε.
1239 2640 1297 2702 Sed
1311 2640 1393 2702 blen-

231 2749 304 2811 tcm,
325 2757 400 2820 quae
420 2739 542 2801 confusa
557 2757 655 2802 rerum
672 2739 785 2801 semina
804 2749 955 2821 separaret
974 2743 1192 2823 ordinaretque,
1208 2742 1237 2804 ia
1257 2740 1321 2804 lini
1341 2761 1395 2802 co·

231 2843 386 2924 smoqonia
402 2843 510 2905 nullam
523 2842 615 2904 luisse
625 2843 815 2905 manifestum
828 2851 886 2904 est:
903 2843 975 2907 bace
986 2845 1065 2907 enim
1078 2844 1114 2906 ab
1127 2844 1266 2906 omnibus
1279 2845 1394 2905 baana·

230 2967 320 3027 gerse
339 2955 478 3027 tarrquaur
495 2944 615 3027 propria
636 2944 821 3008 adscribitur.
852 2946 964 3008 inlini
986 2949 1115 3010 carmine
1131 2947 1209 3009 liris
1230 2964 1327 3008 renim
1344 2961 1395 3005 or·

230 3059 291 3111 tum
313 3048 532 3123 moderabatur,
552 3047 588 3110 ad
610 3046 744 3110 Heracliti
764 3049 946 3129 exernplum,
967 3051 1012 3112 cui
1028 3045 1182 3131 Πόλεμος
1202 3058 1264 3112 erat
1286 3041 1395 3129 πατήρ

231 3148 288 3215 καὶ
309 3144 467 3234 βασιλεῦς
487 3143 545 3211 καὶ
567 3141 680 3231 κύριος
701 3142 849 3227 πάντων,
876 3157 908 3211 ut
928 3160 975 3214 est
993 3152 1071 3234 apud
1093 3152 1281 3216 Plutarchum
1302 3148 1338 3209 de
1357 3144 1395 3208 ls.

233 3264 262 3316 et
277 3254 329 3318 Os.
345 3274 365 3338 p
381 3254 452 3317 370.
488 3251 598 3316 i'crsus
619 3271 652 3313 er
673 3250 737 3314 lini
758 3251 887 3314 carmine
907 3249 985 3337 περὶ
1013 3249 1144 3341 φύσεως
1165 3247 1306 3334 κόσμου,
1335 3264 1396 3310 non

234 3356 349 3420 diverso
365 3357 443 3420 baud
459 3354 547 3419 dubie
562 3376 578 3418 a
591 3355 797 3437 cosmogonia,
819 3357 924 3418 serrati
940 3368 1011 3420 suat
1025 3359 1105 3421 blec:

235 3530 432 3543 w·
446 3529 533 3541 ...ο-.-

301 3617 327 3684 l)
347 3617 418 3683 ⁰3⁰8·
431 3615 516 3670 Lim·
529 3629 639 3684 l¹¹⁰⁰0l¹¹·
651 3629 675 3681 Ρ·
686 3613 702 3664 3
715 3612 794 3665 lliibn.
806 3641 840 3650 -
858 3612 949 3666 Varius
961 3615 992 3666 de
1005 3614 1068 3666 Lino
1079 3620 1124 3665 cut
1136 3614 1167 3665 de
1180 3611 1251 3663 Liris
1264 3612 1328 3673 (nam
1341 3607 1398 3674 plu·

236 3718 278 3756 rcs
289 3701 368 3757 luisse
376 3703 537 3767 dicebantur)
555 3701 652 3754 fabular
662 3715 857 3752 commemorare
869 3709 967 3753 nonest
978 3701 1050 3752 buius
1061 3700 1118 3751 loci.
1142 3695 1331 3761 Cosmoqonimn
1341 3691 1397 3743 Lini

235 3790 275 3857 qui
287 3790 349 3841 citet
359 3798 418 3843 ante
430 3789 565 3856 Diogenem
577 3788 636 3839 nori
649 3787 784 3838 nerninem:
801 3801 946 3854 quamquam
959 3787 1049 3839 Celsus
1061 3785 1208 3853 Epicureus,
1222 3777 1398 3847 quinquaginta

236 3876 338 3927 circiter
349 3877 420 3929 cunis
432 3876 545 3943 Diogene
556 3875 647 3939 unior,
666 3874 736 3926 illum
748 3888 796 3925 unu
809 3889 864 3925 eum
877 3873 988 3940 blusaco,
1002 3865 1270 3940 depressioneque
1282 3870 1398 3927 tanquam

237 3963 385 4030 irritum*u
398 3963 513 4028 nemius
526 3964 575 4030 to·
587 3962 690 4025 Omen.
703 3967 751 4012 eo.
764 3958 832 4011 cer..
846 3959 864 4025 r,
880 3960 909 4011 ra
923 3977 946 4029 p.
957 3957 1040 4011 aon
1055 3954 1173 4018 nomnp
1187 3958 1215 4002 a
1225 3948 1293 4000 cao
1305 3961 1398 4012 sequa.

237 4049 268 4100 lis
281 4047 497 4114 truncabantur,
510 4048 549 4112 18,
561 4047 581 4112 l,
595 4046 767 4112 theogouicam
778 4047 901 4112 quandem
913 4043 1089 4097 sententiani
1103 4036 1229 4092 nonnullis
1243 4032 1304 4084 Lino
1317 4031 1398 4083 tribu·

239 4142 289 4187 tum
301 4143 484 4200 commemoret,
498 4136 605 4201 itemque
617 4132 645 4198 ll,
661 4133 722 4199 tut
736 4132 793 4184 Lini
806 4132 855 4184 τοῦ
868 4125 1042 4197 ποιήσαντος
1054 4121 1087 4179 rci
1100 4122 1154 4189 inq
1166 4119 1316 4174 mentionem
1329 4115 1397 4170 lecit.

239 4221 289 4271 Sed
302 4220 386 4289 speria
399 4222 460 4271 baec
471 4220 518 4272 sibi
531 4219 612 4274 videri
624 4235 697 4285 quum
711 4218 754 4269 illo
766 4218 849 4271 eltcco
863 4218 918 4269 loco
931 4216 1080 4285 profitetur,
1093 4219 1144 4263 tum
1156 4206 1203 4271 tx,
1216 4203 1249 4255 29
1258 4209 1325 4255 extr.
1350 4201 1398 4255 Ce-

239 4317 321 4360 lerum
333 4321 348 4357 e
360 4305 477 4370 Diogenis
488 4306 588 4370 verbis,
604 4298 692 4371 τούτῳ
710 4298 781 4373 riolci
799 4304 864 4358 reia
881 4296 1099 4372 ποιημάτων,
1115 4312 1163 4349 non
1181 4290 1272 4344 iniuria
1288 4289 1398 4342 lostam

240 4391 391 4457 Lobcrkius,
400 4391 459 4457 Agl.
468 4389 557 4459 psat,
565 4390 673 4458 coniicit,
682 4388 754 4458 plur·
764 4388 819 4442 lini
828 4389 937 4442 enrmiutr
948 4387 971 4438 ie
982 4402 1057 4439 uuum
1066 4397 1158 4452 corpas
1167 4375 1300 4431 coniuncta
1309 4374 1399 4428 iubes.
