2962 4808
618 467 818 563 Mlti*

137 650 295 732 rotdupiiei
310 653 497 731 generatione
506 653 592 716 roiate
605 655 668 737 ipse
681 673 781 717 secum
793 664 932 735 pugnaret
940 653 1096 717 iiosiortus.
1112 657 1300 733 Quamquam

137 753 166 813 in
188 753 257 825 iliis,
278 772 352 833 qrrne
371 753 463 817 altero
483 754 549 818 ioco
569 775 636 818 cunr
652 756 804 820 ultricibus
820 756 877 818 iilis
893 765 1107 828 niernorontur,
1127 755 1226 818 i’oreis
1241 755 1303 842 hoe

139 855 236 936 ipsum
248 857 443 920 rornrnissnrn
455 868 514 921 est:
530 877 598 922 norn
611 878 685 939 quoe
699 859 746 922 nic
762 859 862 922 Noctis
874 859 956 934 iiiior,
971 860 1088 921 enuniern
1106 856 1301 941 posterioris
1325 868 1357 920 tt

137 959 284 1033 dicuntur,
300 958 360 1022 sire
376 959 469 1041 ipsius
485 963 696 1044 conrpositoris
711 971 760 1025 out
776 962 947 1042 negligentia
963 972 1013 1025 out
1027 963 1169 1024 consiiio³
1182 964 1221 1036 ¹),
1236 961 1301 1023 sire

138 1083 171 1123 ex
188 1063 282 1145 aliquo
295 1064 527 1146 interpolatione.
558 1067 666 1129 Nostro
683 1077 781 1130 nutem
797 1067 877 1137 loco,
893 1067 922 1128 ir.
934 1088 960 1128 e.
977 1086 1003 1127 r.
1020 1066 1087 1139 185,
1101 1065 1217 1127 etiarnsi
1233 1063 1300 1126 Eri·

138 1186 208 1247 nyes
223 1166 260 1228 ab
275 1166 342 1247 ipso
359 1170 558 1248 compositore
574 1169 748 1249 theogoniae
764 1178 941 1230 rnernorotes
953 1189 1020 1231 esse
1032 1187 1093 1231 ιιυιι
1106 1167 1220 1240 (lubitu,
1236 1166 1301 1228 sine

137 1268 335 1331 ‹rontrorcrsin
356 1279 455 1332 tomen
474 1269 579 1333 meiius
599 1270 726 1344 fecisset,
740 1269 766 1332 si
780 1268 859 1332 hene
873 1269 931 1333 troc
945 1270 1011 1333 loeo
1027 1270 1154 1333 tobuiorn
1170 1268 1302 1351 sprevis-

137 1383 192 1446 set,
207 1381 237 1434 et
250 1371 348 1455 paullo
364 1380 443 1454 post,
460 1372 509 1436 ubi
525 1390 648 1436 munere
662 1390 763 1435 eorum
778 1371 897 1446 indicet,
911 1371 998 1436 etiarn
1013 1391 1124 1436 nomen
1139 1371 1302 1455 posuisset,

138 1494 231 1557 neque
257 1484 381 1539 conotus
401 1485 481 1540 esset
503 1476 575 1541 dues
595 1475 724 1539 diverses
744 1472 856 1538 tubulos
876 1477 951 1539 triete
971 1475 1180 1540 contaminere.
1215 1473 1304 1538 Nunc

138 1597 198 1641 non
213 1579 272 1642 hoc
286 1578 381 1643 coloro
397 1579 538 1661 peccarit,
552 1579 604 1642 sed
619 1579 706 1642 etiem
721 1577 862 1651 alterurn,
881 1588 915 1641 ut
929 1578 972 1642 sic
987 1597 1047 1642 uno
1063 1587 1164 1642 tenore
1179 1578 1303 1660 Erinyes

138 1700 205 1744 cnm
222 1680 393 1763 Gigantibus
405 1681 556 1763 iicliisquc
569 1680 709 1764 npnrphis
724 1691 926 1762 componeret,
940 1680 1075 1762 personis
1091 1700 1197 1764 genere
1207 1692 1237 1743 et
1248 1701 1303 1744 no·

140 1796 202 1847 ture
223 1802 348 1866 prorsus
369 1783 505 1846 dirersis:
526 1801 601 1864 quoe
621 1801 670 1846 res
688 1781 803 1844 etiarnsi
822 1792 932 1845 ueteres
952 1782 1076 1846 tectores
1090 1785 1139 1858 ⁴ret
1154 1785 1305 1847 auditores

139 1904 199 1949 non
220 1886 250 1948 in
271 1885 399 1948 eundem
419 1894 507 1965 etque
521 1885 700 1948 recentiores
716 1884 861 1967 spontem
878 1883 1052 1967 interpretes
1068 1904 1199 1949 errore-nr
1215 1885 1305 1948 intu·
1415 1893 1417 1898 '

138 2007 204 2050 rere
219 1987 328 2070 potuit,
343 1994 377 2050 ut
391 1985 531 2069 Erinyes,
546 1985 659 2062 Melies,
674 1985 813 2067 Gigantes
828 1986 864 2049 ob
879 1985 939 2062 his,
954 2008 1031 2069 quos
1046 1989 1170 2071 inigeris
1185 1989 1305 2071 inpuro·

138 2091 213 2171 iogio
233 2097 350 2163 nosset,
370 2090 455 2170 plene
475 2086 625 2152 seiirnctos
646 2087 821 2170 cogitarent,
840 2072 926 2152 irobct
942 2099 1038 2153 tannen
1055 2109 1110 2173 per
1123 2112 1156 2154 se.
1171 2091 1236 2173 ipsa
1250 2091 1305 2155 oli·

139 2194 208 2274 opud
224 2193 290 2256 sine
302 2190 392 2255 dutrio
411 2191 594 2255 offensionis.
623 2191 680 2253 Sed
691 2190 862 2253 huiusmdi
875 2190 904 2253 in
916 2192 972 2254 hoc
983 2194 1139 2275 theogonia
1151 2187 1305 2276 complura

138 2305 217 2372 sunt,
232 2314 305 2380 quae
320 2294 392 2358 nihii
408 2294 465 2357 nisi
480 2293 556 2357 mele
571 2311 688 2357 carmen
704 2293 904 2375 compositum
919 2314 986 2357 esse
1001 2299 1172 2362 ostendunt.

224 2396 319 2460 scrib.
335 2395 581 2478 Gryphiswoldioe
595 2394 667 2458 nri.
683 2393 719 2457 X.
731 2394 790 2458 Col.
801 2397 874 2477 Aug.
885 2396 1091 2461 ntncccxtv.

218 2550 341 2560 ----——--
356 2550 411 2558 --t-
424 2550 439 2559 αι

206 2634 253 2695 31)
271 2633 383 2686 Consilio
400 2632 492 2685 foetum
506 2631 649 2701 ueneno
666 2633 756 2685 statuit
772 2650 795 2702 p.
805 2633 855 2685 22³
867 2641 948 2698 extr„
965 2635 1007 2702 qui
1020 2642 1102 2687 umes
1114 2651 1139 2688 v.
1150 2636 1200 2688 218
1212 2645 1240 2689 et
1252 2638 1304 2689 219

139 2719 271 2784 incinctos,
283 2719 448 2785 diversusque
461 2719 507 2768 bes
519 2716 608 2770 Noctis
620 2717 688 2769 fliius
698 2716 731 2769 ab
743 2718 775 2769 iis
786 2718 868 2769 tribus
883 2721 1017 2789 Μοίραις,
1029 2736 1091 2788 quos
1103 2736 1118 2772 e
1128 2719 1187 2772 iore
1199 2718 1304 2774 The-is

140 2802 269 2872 peperisse
281 2804 382 2870 dicitur,
395 2803 497 2856 iudicet.
