2962 4808
539 475 739 570 .....¹⁶.⁴...-

145 663 292 728 Hactenus
307 663 344 726 de
356 661 566 726 Omanidibns:
582 681 662 727 nunc
676 663 713 726 de
724 661 896 729 Nereidibus
911 665 1068 732 dicendum
1083 678 1137 743 est,
1150 688 1224 752 quas

61 768 208 833 Hesiodus
227 785 353 850 cumque
368 766 498 831 Hesiodo
518 767 649 849 plerique
669 766 879 850 quinquaginta
898 780 1071 848 numerant,
1091 773 1224 838 nonnulli

61 882 158 936 tamen
173 879 291 935 centnm
306 889 372 935 esse
386 870 541 952 perbibent

338 992 500 1055 aequoreas
516 973 610 1037 Nereo
626 973 758 1055 genitore
772 973 901 1056 puellas⁰
911 979 951 1053 ³).

60 1079 102 1141 dc
121 1077 229 1141 Nerei
249 1075 342 1159 ipsius
363 1095 473 1139 nomen
493 1086 609 1141 constat
630 1077 752 1154 ferolt)
778 1076 867 1140 hodic
887 1079 958 1142 nihil
977 1079 1037 1142 nisi
1058 1079 1224 1147 Flunrem

60 1180 239 1261 significare:
255 1179 334 1261 quod
350 1198 442 1262 quum
458 1179 496 1243 ita
511 1180 559 1255 sit,
574 1196 635 1242 non
650 1181 741 1243 maris
756 1181 863 1255 solum,
879 1181 930 1244 sed
948 1183 1070 1246 omnino
1083 1204 1224 1266 aquarum

59 1282 174 1346 numini
193 1291 295 1365 aptum
310 1282 400 1346 videri
415 1281 539 1346 debebit.
570 1282 628 1346 Sed
643 1283 813 1364 theogonia,
829 1302 921 1365 quum
937 1285 997 1348 dno
1015 1304 1156 1366 aquarum
1173 1308 1225 1369 ge·

17 1395 41 1449 lt
62 1404 133 1449 nora
147 1386 307 1460 discernat,
321 1384 460 1460 dulcium,
478 1404 603 1469 quarum
618 1405 635 1448 e
649 1386 738 1449 Coelo
754 1396 783 1449 et
796 1386 912 1450 Tellure
928 1386 1020 1469 origo,
1036 1387 1120 1451 cuius
1136 1408 1226 1469 gene·
1326 1466 1329 1472 .

61 1489 103 1552 ris
123 1488 322 1571 principatum
345 1488 479 1553 Oceanus
498 1490 597 1565 babet,
616 1481 746 1576 τελήεις
767 1483 929 1570 ποταμός,
944 1491 1115 1554 uniuersum
1131 1498 1226 1555 terra-

60 1611 128 1655 rum
158 1592 260 1656 orlsem
287 1593 420 1658 ambiens
447 1595 660 1678 lludommque
685 1592 818 1655 omnium
843 1599 872 1655 et
895 1592 1026 1656 rivorum
1048 1593 1228 1676 progenitor,

63 1696 186 1759 aiterum
203 1697 400 1771 marinarum,
417 1718 490 1781 quiae
505 1718 540 1762 cx
555 1691 709 1784 Πόντῳ,
730 1696 819 1759 Prol
822 1695 976 1771 undeno,
995 1695 1088 1759 solius
1104 1696 1227 1761 Telluris

63 1799 124 1861 utto
145 1807 226 1862 ortae
240 1809 324 1874 sunt,
344 1801 606 1883 prorumpentibus
622 1801 732 1865 scilicet
746 1819 779 1862 ex
796 1799 926 1862 cavernis
942 1807 1036 1862 terrae
1050 1798 1228 1864 humoribus

64 1909 93 1962 et
112 1900 243 1964 medium
263 1902 325 1965 eius
346 1902 444 1965 simum
464 1923 500 1967 ac
513 1904 664 1967 ceritatem
681 1901 883 1984 implentibus,
903 1900 972 1964 buic
985 1901 1084 1984 generi
1099 1902 1227 1966 Nereum

48 2002 223 2084 :assignavit
236 2003 357 2087 eiusque
372 2006 475 2069 iratres
490 1999 717 2087 Θαύμαντα,
733 2004 911 2080 llirinum,
928 2012 958 2068 et
976 1997 1144 2090 Φόρκυν,
1161 2005 1227 2069 0r·

64 2191 138 2260 elque
149 2199 246 2260 patrem
259 2209 308 2244 non
320 2192 418 2261 iorem,
435 2194 478 2246 scd
492 2193 646 2262 Neptunum,
664 2200 807 2260 equestrem
825 2192 924 2245 seilicet
939 2192 1023 2260 eleum,
1042 2192 1145 2257 darent3
1163 2195 1228 2262 quod

66 2275 194 2330 blnaseam
211 2278 303 2330 iecisse
321 2279 442 2347 llarpoer.
461 2295 482 2330 s.
495 2295 520 2329 v.
531 2272 632 2330 ‘luendae
646 2272 750 2344 :respiat
767 2279 860 2346 aliique
872 2278 1026 2344 grsurmatici
1042 2279 1165 2333 referunt.
1190 2281 1229 2334 Cl.

67 2361 146 2416 Neela.
159 2364 184 2416 in
197 2364 306 2417 Clroerili
320 2365 352 2417 l'r.
366 2382 389 2434 p.
402 2366 457 2418 112.
483 2365 519 2416 llc
532 2364 635 2417 blaecca
646 2364 711 2416 dixit
729 2362 828 2417 lubnius
841 2370 939 2432 noster,
956 2363 1080 2418 l’alamed.
1094 2382 1117 2435 p.
1127 2366 1156 2418 tl
1174 2382 1228 2436 sqq.

66 2465 174 2519 κιοκιμιο
187 2451 244 2502 alata
258 2467 334 2519 opera
347 2452 422 2504 etiarn
435 2451 581 2520 explicatius
594 2453 708 2504 dicturus
721 2459 769 2504 est

134 2536 182 2600 65)
200 2535 316 2605 Propert.
330 2534 370 2602 ΙΙΙ,
382 2538 407 2603 5,
420 2537 453 2588 3³
463 2538 546 2591 llurru.
570 2537 651 2590 Etiam
661 2539 792 2607 Sopboelie
805 2532 1153 2611 ΙκατόμιιοόαςΝηρῇόας,
1166 2540 1230 2592 0eel.

66 2622 119 2675 cot.
131 2622 189 2687 i22,
203 2641 250 2675 ιιοιι
264 2624 452 2692 quinquaginta,
465 2625 510 2676 sed
521 2631 621 2676 eentum
633 2641 691 2677 esse
703 2624 863 2693 peritissimis
873 2625 1061 2693 interpretibus,
1074 2625 1230 2691 blusgrnuin,

66 2708 201 2772 libralem,
214 2708 338 2775 lleisipic,
351 2710 468 2774 ilellero,
481 2711 571 2778 placet,
584 2711 673 2778 quibus
687 2726 734 2776 ego
747 2728 844 2778 qunque
856 2711 1011 2776 accelerem,
1024 2727 1097 2779 quum
1110 2728 1229 2780 praeser-

66 2798 110 2849 tim
121 2803 221 2849 eentum
231 2796 306 2849 etiarn
318 2812 333 2847 s
346 2795 451 2848 Platone
464 2797 526 2849 Crit.
539 2813 563 2865 p.
576 2796 624 2848 llll
637 2796 666 2848 d.
680 2804 708 2849 ct
718 2796 750 2848 ab
760 2797 847 2849 Ouidio
861 2796 931 2848 l'art.
943 2794 984 2860 vt,
995 2797 1045 2848 tub
1059 2805 1229 2865 numerentur,

65 2884 113 2935 nisi
125 2898 165 2934 sue
177 2891 292 2934 moueret
303 2883 449 2951 llcmnunnl,
462 2884 510 2935 siri
527 2883 629 2946 sumini,
641 2883 793 2944 auctoritas,
810 2877 1010 2952 έκατόμνιοόας
1025 2882 1084 2933 nibil
1100 2883 1168 2934 uliud
1182 2883 1229 2933 uisi

65 2968 214 3036 multipedes
231 2968 255 3020 b.
268 2984 292 3020 e.
309 2968 401 3020 multus
418 2984 477 3020 csse
491 2969 635 3020 statuentis.
664 2968 701 3020 tlt.
720 2969 819 3019 l’indar.
837 2969 902 3035 apud
914 2968 1007 3019 dtben.
1020 2966 1079 3019 ΧΙΙΙ
1096 2985 1120 3036 p.
1131 2968 1180 3019 bil
1193 2969 1228 3019 ll:

65 3054 153 3125 κοριῖν
165 3047 268 3123 ιῖγέλαν
279 3049 470 3124 ἑκατόγγυιον,
482 3056 546 3122 quod
563 3061 632 3106 reete
642 3054 824 3122 interpretatur
833 3053 942 3106 bleinela.
953 3053 1046 3105 Exere.
1057 3053 1080 3104 ia
1091 3054 1149 3106 dtb.
1160 3070 1229 3123 sper.

65 3137 86 3190 ΙΙ
100 3156 124 3208 p.
135 3139 176 3192 td.
200 3138 318 3192 Crteruna
335 3147 438 3207 praeter
449 3140 627 3208 quinquaginta
641 3139 775 3191 bereidum
789 3139 885 3190 nomina
899 3139 1023 3191 llesiodea
1035 3139 1110 3192 facile
1124 3140 1229 3193 totidem

65 3225 127 3291 aba,
148 3226 170 3278 si
187 3227 243 3294 quis
260 3227 307 3277 boc
323 3235 395 3292 ngat,
411 3243 426 3277 c
444 3228 525 3294 poetis
541 3226 647 3294 aliisque
664 3225 831 3293 scriptoribus
848 3227 979 3277 autetiam
992 3242 1024 3277 ex
1036 3227 1100 3278 artis
1113 3228 1230 3294 operibus

65 3312 167 3377 congeri
183 3313 294 3380 possint,
311 3314 460 3381 praesertim
478 3314 498 3365 si
517 3314 572 3382 quis
590 3313 665 3364 etiam
682 3312 814 3379 adoptivas
827 3313 946 3380 quasdam
958 3321 986 3365 et
997 3314 1131 3381 improprie
1148 3313 1230 3366 dictas

67 3397 191 3451 Nereides
207 3407 382 3465 eounurncret,
400 3401 481 3468 qualia
498 3399 546 3451 luit
562 3416 586 3450 e.
599 3416 621 3451 e.
634 3399 779 3450 Leucothea
792 3396 901 3461 llaecbs.
913 3400 944 3451 ad
958 3399 1076 3450 Pbilostr.
1088 3416 1112 3467 p.
1122 3398 1185 3462 181)
1203 3407 1230 3452 et

66 3481 139 3535 llelle
152 3500 204 3535 sec.
217 3484 304 3537 Vulcr.
317 3485 402 3538 Flere.
416 3483 445 3549 ll,
458 3486 516 3536 590.
542 3483 568 3536 ln
581 3484 726 3536 uuiversum
738 3483 770 3536 el'.
780 3484 893 3535 Ammon.
906 3484 1000 3536 eluelid.
1014 3500 1034 3536 s.
1047 3500 1072 3535 ν.
1085 3480 1230 3555 Νηρεΐόες,

67 3574 94 3620 et
105 3567 212 3620 Prelier.
225 3570 256 3621 de
269 3570 372 3622 blnuseu
386 3571 409 3621 iu
424 3571 511 3621 llinrn.
524 3572 647 3636 antiepmr.
661 3569 800 3633 (Zeitsebr.
813 3568 831 3620 Ι.
844 3570 868 3620 d.
879 3568 1006 3634 dle-W.)
1022 3568 1087 3621 1816
1100 3586 1124 3637 p.
1135 3569 1195 3622 680.

135 3653 177 3717 dt)
187 3653 240 3705 lloc
249 3656 339 3721 „lcre“
348 3656 487 3707 addendum
497 3655 544 3706 l'uit
553 3661 657 3722 pmptcr
667 3653 841 3716 llermannusn,
851 3652 999 3722 0pnsc.llp.
1009 3655 1065 3719 178,
1075 3655 1116 3721 qui
1125 3655 1229 3726 Νηρέα,

67 3751 82 3786 a
96 3731 128 3804 νή
140 3745 168 3790 et
178 3737 246 3806 ῥέα,
263 3739 409 3792 bellunm
427 3741 622 3807 interpretatur,
636 3739 795 3790 assentiente
807 3738 949 3802 Crenaero,
966 3738 1051 3805 epistt.
1063 3738 1095 3790 ad
1108 3737 1192 3789 llerm.
1206 3756 1230 3807 p.

70 3822 127 3876 ltu.
139 3851 173 3863 -
186 3824 331 3892 veriorem,
347 3833 376 3877 ut
388 3825 502 3893 repuidem
514 3824 638 3888 arbitror,
655 3824 820 3887 sententiam,
837 3831 866 3875 ut
878 3839 966 3875 nornen
978 3839 994 3876 a
1007 3817 1076 3888 νόω,
1088 3817 1174 3891 eopia
1185 3824 1231 3876 de·

68 3909 187 3976 duratur,
204 3919 232 3964 et
242 3919 343 3964 veteres
356 3912 455 3980 plurimi
468 3910 619 3980 probarunt,
636 3916 662 3961 ct
674 3926 689 3960 e
702 3908 902 3976 recentioribus,
914 3909 956 3977 qui
969 3925 1033 3960 unus
1045 3909 1126 3967 instar
1137 3911 1230 3963 multo·

69 4009 123 4047 rum
139 4002 193 4062 est,
210 3995 352 4051 Lobeellius
368 4001 399 4051 nd
418 3999 512 4068 l’bryn.
529 4015 553 4066 p.
563 3998 605 4048 12.
617 4023 652 4035 -
664 3995 782 4048 Ceterum
794 3995 955 4048 memorabile
967 3996 999 4047 de
1009 3994 1094 4047 Nereo
1106 3995 1230 4048 llesiodec

69 4080 185 4132 iudiciuin
202 4091 243 4134 est
254 4100 293 4152 ep.
305 4086 389 4138 Schol.
401 4088 432 4138 ad
445 4085 514 4137 lliad.
528 4082 624 4150 xvtlt,
638 4083 683 4135 ³8:
702 4082 894 4149 πλανηθέντες
905 4080 936 4134 ολ
946 4081 1011 4153 νιτρλ
1020 4075 1159 4134 Ἡσίοδον
1170 4068 1231 4147 llbp·

69 4166 138 4238 ρέινς
153 4159 320 4239 όνέγραιγιιν
337 4173 477 4244 θυγατέρα
494 4166 545 4238 τὴν
558 4171 654 4235 θέτιν,
672 4169 722 4222 τοῦ
739 4169 860 4236 ποιητοῦ
877 4161 956 4240 παρὰ
974 4161 1006 4219 τὸ
1022 4169 1082 4221 νεῖν
1093 4160 1144 4233 τὴν
1156 4165 1232 4227 λέξιν
1315 4164 1317 4168 ’

70 4248 239 4324 (Nppa‘idae)
257 4259 465 4330 ποιησαμένου,
482 4250 553 4311 ὅθεν
563 4257 609 4309 καλ
623 4258 708 4324 νῆσος
719 4256 765 4308 κιιλ
777 4250 865 4325 ναρὸν
877 4249 909 4307 τὸ
921 4247 1074 4327 ῥευστικόν.
1094 4241 1188 4306 'troas
1198 4249 1231 4306 δὲ

68 4337 220 4410 Πρωτέως,
236 4347 325 4411 castr
342 4338 499 4414 (Ὅμηρος),
518 4338 533 4410 ἢ
549 4337 708 4415 Φόρκυνος·
726 4328 804 4395 cbaos
822 4335 878 4414 ydp
893 4340 1022 4410 γέροντες
1033 4332 1140 4394 ένόλιοι
1151 4336 1231 4411 παρὰ

67 4424 107 4494 τῷ
119 4423 292 4480 Ποσειδῶνι.
311 4427 340 4480 lii
352 4429 437 4494 igitur,
450 4445 513 4496 quos
524 4421 836 4499 pnnmadcm'sequitur,
848 4426 959 4482 Nereuau
970 4424 1002 4478 ab
1012 4423 1123 4478 Hesiodo
1135 4439 1171 4477 ex
1178 4423 1231 4477 lis·

67 4510 130 4566 neri
142 4511 199 4564 loeo
210 4512 276 4566 arale
285 4513 417 4568 intellecto
429 4514 565 4572 condetuau
576 4517 754 4574 erediderunt.
