2962 4808
238 575 411 665 Γηγενέων,
436 570 473 644 οἳ
490 576 607 667 λυγρὸν
628 570 692 644 oirr’
716 570 866 664 Odpnsob‘
887 567 1068 653 turitano

234 675 376 769 Σπέρμα
397 680 502 771 γονῆς.

66 840 71 851 .
135 791 318 868 Quamquam
341 787 378 851 de
401 788 508 852 tronum
530 807 666 852 versuum
686 786 811 851 lectione
831 794 858 848 et
879 781 1121 866 interpretatione
1139 798 1203 844 non
1223 781 1297 845 satis

136 899 259 954 constat
299 885 461 977 Γηγενέων
482 892 599 974 quidem
618 912 635 955 e
654 891 804 955 codicibus
825 908 880 972 pro
900 908 936 950 eo
956 888 1035 970 quod
1056 886 1126 950 olim
1147 885 1299 967 legebatur

140 986 318 1076 Γιγάντων,
353 997 509 1060 manifesto
536 997 811 1078 interpretamento,
839 1003 917 1057 recte
947 989 1112 1074 repositum
1137 1009 1205 1052 esse
1234 1006 1298 1052 non

138 1105 237 1178 potest
256 1097 397 1161 dubitari:
419 1118 486 1162 nam
506 1100 585 1180 quod
607 1100 767 1162 l'iersonns
788 1097 929 1160 suadebat
953 1088 1115 1172 Τιτάνων,
1140 1112 1201 1156 non
1222 1110 1297 1156 oon·

137 1199 216 1262 renit
240 1200 269 1262 in
294 1200 414 1265 'litones
440 1203 559 1265 verbnm
584 1195 757 1280 ἕστάξατο,
783 1210 813 1263 et
836 1201 973 1282 Gigantes
998 1197 1144 1279 «designari
1168 1197 1300 1260 ostendit

136 1301 224 1364 etiam
239 1303 311 1366 altor
325 1302 455 1366 eiusdem
472 1304 611 1367 carolinis
626 1303 708 1366 locres
724 1323 750 1365 r.
765 1303 837 1376 tat,
851 1302 902 1364 ubi
917 1301 1053 1382 nmtreus
1068 1299 1137 1362 item
1152 1299 1230 1362 canit

237 1399 294 1466 καὶ
318 1401 474 1491 tappet-e,
499 1400 658 1484 Βάκχοιο,
684 1399 850 1487 Γιγάντων
870 1393 1137 1489 v‘i'py’td‘etpte.

138 1506 277 1586 (ligantes
297 1507 384 1569 etiam
403 1507 589 1570 llcrmannus
609 1507 756 1587 intelligit:
777 1516 863 1587 negot
883 1515 980 1568 tamma
998 1498 1178 1581 ἐπάξαιιο
1199 1505 1299 1567 lemn-

138 1608 208 1671 dnm
224 1627 298 1680 esse,
314 1608 475 1689 reponique
486 1609 546 1670 rnlt
560 1601 754 1689 ἕκμάξαντο,
769 1627 829 1688 qno
842 1607 930 1670 rcrbo
946 1606 1091 1669 Nicander
1106 1605 1196 1669 utitur
1209 1605 1299 1669 Ther.

139 1728 164 1769 r.
181 1709 254 1781 750,
269 1708 306 1771 tle
321 1709 473 1783 cralnnne,

239 1800 278 1885 dg
300 1805 340 1894 dr}
363 1806 555 1895 θαρσαλέον
577 1805 687 1894 yessdr
707 1802 910 1890 ἕκμάσσεται
932 1805 1055 1872 ianoe.

138 1905 274 1995 σπέρμα
296 1909 390 1996 γονῆς
410 1921 505 1975 autern
527 1931 588 1974 non
609 1915 645 1974 de
660 1912 803 1992 sangnine
818 1913 862 1974 rel
877 1912 990 1974 semine
1004 1910 1097 1980 l'oeli,
1118 1911 1169 1973 scd
1186 1913 1223 1975 de
1238 1913 1300 1976 ori·

138 2013 205 2093 gine
226 2013 382 2094 Gigantum
408 2013 624 2093 intelligendum
648 2035 724 2076 csse.
760 2015 859 2095 ltaque
884 2033 976 2094 anrnr
1001 2007 1235 2093 ἕκμάσσεσθαί
1265 2037 1300 2078 τι

139 2115 285 2194 significet
299 2114 433 2195 aliquid
449 2115 646 2194 exprimere
661 2116 849 2189 imitando,
865 2125 894 2178 et
906 2116 1101 2179 theriacornm
1114 2134 1218 2178 sersus
1228 2136 1300 2180 sen·

140 2217 226 2279 tentia
242 2217 313 2278 baec
332 2215 384 2288 sit,
406 2216 618 2279 crabronum
634 2218 748 2280 audax
763 2236 874 2300 genus
889 2219 1057 2298 equinum
1079 2219 1175 2297 (unde
1189 2219 1303 2283 seilicet

139 2326 237 2379 ortum
254 2317 333 2378 ducit
347 2335 382 2377 ex
399 2325 527 2376 reterrrm
543 2317 732 2396 pbpsieorum
748 2319 910 2400 opinionon
932 2319 1064 2381 imitari
1080 2320 1132 2382 rel
1148 2323 1301 2395 referre,

141 2420 169 2480 b.
182 2438 209 2479 e.
224 2417 359 2497 pariter
377 2417 542 2479 arridaeum
563 2427 667 2498 atque
685 2439 797 2499 equos
817 2439 911 2494 esse,
930 2421 1018 2482 etiarn
1033 2421 1300 2501 argonautioomm

140 2528 240 2601 poeta,
261 2518 420 2581 llermanni
440 2520 643 2582 emendatione
662 2530 691 2582 et
711 2521 950 2602 interpretatione
968 2522 1110 2596 admissa,
1133 2523 1205 2587 nibil
1223 2525 1301 2588 alind

139 2623 260 2693 diceret,
281 2619 338 2683 nisi
353 2621 523 2701 Gigantes
539 2630 663 2684 tetram
680 2641 776 2685 suam
797 2642 813 2684 a
834 2623 942 2685 Coelo
958 2624 1130 2705 originem
1150 2645 1301 2708 expres·
1334 2611 1336 2615 ¹

140 2725 233 2786 sisse
254 2723 297 2785 rel
317 2723 479 2786 imitatos
498 2743 591 2797 csse,
612 2725 692 2804 ‹puod
708 2744 764 2807 qna
779 2726 894 2788 ratione
912 2726 968 2789 dici
989 2728 1131 2808 potuerit,
1150 2747 1212 2791 nors
1227 2731 1301 2793 satis

141 2847 188 2889 me
202 2825 358 2906 intelligere
374 2828 473 2888 lateor.
504 2825 607 2899 Recte,
624 2825 744 2906 opinor.
759 2828 924 2890 Lobccbius
939 2828 1001 2910 Agl.
1017 2850 1046 2913 p.
1062 2830 1125 2894 589
1139 2850 1185 2912 sq.
1202 2843 1301 2913 spreta

140 2931 183 2993 illa
203 2927 408 2991 emendatione
426 2929 523 2991 lorum
543 2929 586 2991 sic
606 2929 824 3010 interpretatur,
843 2943 876 2993 ut
895 2932 1050 3011 Gigantes,
1070 2943 1178 2996 tetrum
1197 2935 1234 2995 ab
1254 2936 1302 2998 in-

140 3031 226 3112 guine
239 3031 317 3092 rirns
332 3049 358 3091 r.
371 3049 482 3102 sennen,
497 3030 658 3092 destillassn
673 3051 689 3092 a
702 3032 791 3094 Coelo
807 3032 954 3095 dieantur:
971 3053 1038 3096 narn
1055 3032 1150 3120 >eorde
1163 3036 1248 3100 ctiam
1265 3039 1303 3101 de

139 3133 270 3215 partibus
292 3131 463 3211 genitalibus
479 3131 535 3192 dici
551 3141 654 3194 uotum
671 3142 730 3194 cst:
751 3153 928 3214 qrrarnquam
949 3135 1019 3197 nibil
1040 3136 1164 3219 impedit
1182 3141 1302 3220 quonti-
1348 3141 1350 3144 ⁴

139 3255 196 3297 nns
212 3234 393 3296 nuncetiam
409 3233 446 3294 de
461 3235 574 3297 sesninc
589 3234 759 3316 accipiatur,
779 3246 813 3298 ut
830 3232 965 3317 σπέρμα
988 3239 1085 3323 γονῆς
1099 3241 1136 3302 ad
1151 3260 1219 3302 enm
1235 3260 1303 3302 mo·

139 3339 210 3400 durn
226 3337 335 3398 dictum
352 3336 403 3407 sit,
418 3355 477 3415 qno
493 3331 586 3415 λέχος
608 3328 707 3422 εὐνῆς,
730 3329 843 3420 ἔριδος
865 3339 976 3414 νεῖκος,
1001 3333 1087 3416 ζωᾶς
1107 3336 1210 3422 βιοτά
1225 3344 1303 3406 mul·

139 3451 225 3520 taque
241 3437 355 3500 similia.
385 3438 491 3498 l'orma
507 3446 603 3498 autern
621 3438 699 3500 serbi
716 3440 819 3513 media,
834 3433 1025 3517 ἐπάξαιτο,
1040 3442 1154 3504 etiamsi
1170 3444 1223 3506 alia
1238 3445 1305 3508 eius

139 3543 269 3622 exempta
290 3558 350 3601 non
372 3547 548 3619 suppetunt,
571 3557 632 3601 non
648 3540 732 3602 rideo
754 3551 864 3615 mosen,
888 3561 942 3605 cnr
962 3543 1031 3606 terri
1049 3555 1188 3626 nequent,
1208 3566 1301 3627 quum

139 3636 249 3722 στᾶζιο
277 3642 362 3704 etiarn
383 3641 439 3702 rim
460 3640 641 3704 transitivum
662 3642 780 3716 babeat,
804 3654 832 3705 et
852 3644 986 3725 passivae
1011 3655 1089 3708 rerte
1109 3649 1220 3710 formae
1240 3668 1302 3712 non

141 3746 292 3809 inusitatae
307 3743 384 3805 sint²
395 3750 401 3786 ¹
411 3745 446 3817 tl.

226 3848 266 3911 De
286 3857 388 3909 natura
403 3844 560 3926 Gigantum
576 3855 706 3920 consent,
726 3848 862 3910 mortales
878 3850 1032 3924 veteribus,
1047 3872 1108 3915 uon
1124 3852 1242 3916 divinos
1259 3855 1305 3917 ri·

140 3972 192 4016 sos
206 3971 281 4025 esse,
302 3944 427 4036 θνητὸν
447 3941 505 4013 καί
526 3940 565 4013 οὐ
587 3944 683 4014 daim
704 3944 804 4034 γένος,
828 3960 861 4016 nt
875 3951 915 4015 ait
929 3954 1090 4017 Pansatrios
1106 3956 1183 4032 llll,
1199 3956 1256 4032 29,
1272 3958 1303 4020 2
1360 3969 1363 3975 '

140 4057 247 4119 Forma
264 4054 382 4117 luerunt
396 4053 539 4119 bumana:
559 4073 628 4119 nam
644 4054 789 4137 anguinos
810 4058 901 4138 pedes
916 4056 1097 4140 posteriores
1112 4058 1232 4123 demum
1249 4061 1305 4123 ad·

142 4295 267 4433 ¹⁸⁰621⁸)
286 4294 385 4350 Tuetnr
393 4291 543 4357 ἰσιιέξιινιο
552 4295 627 4349 etiam
637 4297 660 4349 l.
671 4296 821 4366 bucellino,
833 4297 967 4353 Commta
976 4299 1055 4369 Orpb.
1064 4300 1158 4367 Argoa.
1172 4299 1302 4365 (nonus.

211 4382 219 4447 )
232 4398 255 4450 p.
266 4381 290 4434 9.
306 4382 345 4435 10.
