2962 4808
667 361 871 461 ΔΨ.--
962 371 966 378 ’

127 579 130 583 ’
189 553 276 615 maris
292 551 348 613 ntia
363 544 489 632 elicitur(
503 556 734 611 consentaneum
753 558 799 612 est
818 549 907 629 igitur
926 549 1012 612 etiam
1033 547 1157 635 Κρείου
1176 562 1352 636 potestatem

189 655 218 717 in
238 653 310 715 mari
326 661 491 714 uersantem
507 651 645 730 eogitari:
660 650 754 732 qualis
769 660 866 714 autem
882 652 1008 715 maxime
1022 654 1095 718 liaeo
1108 665 1242 737 potestas
1259 659 1353 733 luerit,

188 775 222 817 ex
234 755 316 836 prole
327 773 432 817 eorum
444 751 548 816 ooniici
561 752 676 834 poterit,
691 753 823 828 Astraeo,
838 753 974 828 Pallante,
985 754 1083 818 Perse
1107 756 1181 821 Nam
1191 761 1353 836 Astraeum,

189 858 385 936 (sidereum.)
406 855 535 918 silerum
556 853 800 934 sigerilioationem
819 855 927 917 habere
942 874 1031 919 nemo
1044 858 1125 921 facile
1140 860 1352 941 dubitantur),

188 978 340 1041 quumque
350 958 445 1020 sidera
457 957 494 1020 alr
506 957 618 1020 oriente
629 956 665 1019 atl
677 976 817 1021 oceasum
829 976 882 1039 per
893 957 966 1019 coeli
978 959 1086 1040 templa
1096 962 1179 1041 quasi
1189 965 1353 1040 vibrentur,

188 1061 224 1123 aul
236 1061 457 1140 significandam
473 1061 550 1122 liano
564 1058 697 1122 vibrandi
709 1059 768 1122 vim
784 1064 872 1123 trater
886 1060 927 1122 illi
939 1061 1055 1124 additus
1067 1072 1113 1126 est
1124 1060 1275 1143 Πάλλας,
1293 1067 1353 1130 Vi·

186 1163 295 1225 lrrans
311 1183 335 1224 s.
353 1162 521 1225 l'ibruus:
542 1171 700 1244 postquam
716 1172 813 1226 autern
830 1161 1015 1236 oeciderunt,
1031 1182 1135 1226 mrsus
1151 1167 1263 1230 oooulta
1279 1187 1353 1249 qua·

186 1266 253 1328 elain
278 1266 322 1328 ria
345 1264 380 1327 all
406 1264 533 1327 eundem
557 1265 636 1328 unde
663 1276 728 1329 orta
744 1257 831 1328 ¹erant
848 1265 947 1329 locum
966 1275 1165 1342 revertuntur,
1185 1267 1354 1334 interiorem

188 1368 289 1431 oriundi
304 1368 455 1450 regionem
471 1367 668 1450 penetrantia:
688 1368 759 1432 hino
772 1369 894 1432 Astraeo
910 1370 1031 1432 alterum
1048 1371 1165 1432 tratrem
1180 1371 1356 1435 addiderunt

188 1466 327 1558 Πέρσην,
343 1471 566 1546 lenonium,
583 1461 622 1550 ὃς
637 1466 767 1561 πάσῃσι
784 1467 990 1557 μετέπρεπεν
1004 1464 1228 1560 ἰδμοσύνῃσιν,
1245 1475 1355 1558 quippe

84 1577 86 1580 ’
188 1594 278 1658 quum
295 1576 371 1637 hano
386 1574 518 1638 siderum
533 1576 570 1638 alr
585 1596 693 1641 occasu
709 1579 745 1641 au
761 1588 859 1642 ortum
875 1578 1019 1641 occultam
1035 1575 1235 1640 reversionem
1248 1587 1277 1642 et
1293 1578 1355 1642 irn-

189 1698 334 1742 mensos
355 1698 416 1761 per
435 1678 554 1743 inania
574 1700 719 1756 cursus,
734 1691 766 1744 ut
781 1690 826 1745 est
841 1682 920 1763 apud
936 1683 1086 1746 Manilium
1101 1683 1127 1758 l,
1143 1683 1213 1758 176,
1230 1684 1356 1748 maxime

190 1781 337 1845 mirabiles
356 1802 423 1845 esse
441 1792 469 1845 ot
488 1783 593 1846 eximia
612 1784 737 1866 quadam
757 1795 818 1847 arte
837 1793 866 1847 et
883 1786 1026 1866 sapientia
1041 1785 1117 1849 ellici
1134 1791 1355 1866 oensereut³⁰p

192 1884 310 1947 llarinis
326 1894 423 1947 autem
439 1885 623 1966 parentibus,
639 1887 706 1950 Crio
721 1897 749 1950 et
763 1886 923 1969 Eurybiae,
939 1887 968 1949 lii
984 1897 1043 1951 tres
1059 1889 1108 1952 lrlii
1124 1889 1183 1952 elati
1199 1899 1268 1953 sunt
1282 1908 1356 1972 pro·

192 1997 306 2068 pterea,
322 1987 401 2068 qood
418 1986 515 2051 sidera
528 1997 558 2051 et
572 1990 643 2053 oriri
657 2011 692 2053 ex
708 1991 796 2063 mari,
812 2000 841 2055 et
856 1991 892 2053 ali
908 1989 995 2054 etiarn
1011 1992 1101 2054 maris
1116 1992 1298 2056 exhalatione
1311 1992 1356 2056 ri·

191 2091 351 2153 ‹lelmntura
364 2094 401 2168 Ι).

136 2211 167 2263 2¹
277 2193 473 2274 ltpperionom
489 2193 567 2257 Solis
586 2195 657 2256 olirn
678 2212 844 2276 cognomen
860 2194 951 2258 luisse
966 2205 1095 2259 constat:
1115 2214 1213 2276 neque
1228 2196 1309 2260 aliter
1323 2216 1356 2262 a·

191 2295 250 2376 pul
267 2295 427 2358 llomemnr
444 2296 562 2372 (licitur,
583 2309 786 2378 praeterquam
802 2315 862 2361 uno
878 2297 958 2372 loeo,
974 2298 1030 2360 Od.
1042 2298 1104 2373 llll,
1124 2299 1192 2374 176,
1207 2318 1296 2381 quem
1311 2307 1356 2363 ta·

191 2416 258 2461 men
273 2399 481 2481 interpolatum
499 2418 567 2462 esse
582 2419 688 2463 omnes
702 2400 792 2462 hostie
807 2400 1004 2463 consentiunt
1035 2401 1092 2476 Qui
1107 2412 1219 2484 pnrenr
1235 2403 1313 2466 Solis
1328 2414 1358 2467 et

189 2501 289 2565 Lunae
303 2501 501 2584 llpperionem
521 2505 665 2579 leserunt,
685 2503 715 2566 to
735 2502 799 2567 sine
819 2501 908 2564 duloio
929 2501 1087 2583 significari
1103 2506 1161 2569 lroc
1175 2506 1297 2569 nomine
1311 2508 1356 2571 ri·

191 2605 311 2682 derunt,
330 2606 410 2688 quod
425 2607 541 2688 utrique
556 2608 672 2670 illorum
687 2622 846 2669 commune
860 2611 919 2678 est,
939 2612 972 2666 ut
986 2605 1112 2667 sublime
1132 2608 1276 2684 terantur3
1296 2617 1357 2673 ter·

191 2709 260 2771 tiam
283 2708 504 2785 autonomiam,
535 2713 694 2787 Auroram,
725 2707 902 2770 adiliderunt
921 2708 1104 2784 necessario,
1132 2711 1242 2791 quippe
1261 2729 1353 2792 quum

192 2812 263 2875 haee
281 2813 355 2875 aneo
374 2831 441 2875 curn
462 2812 525 2874 sole
539 2813 694 2876 coniuncta
711 2812 763 2885 sit,
784 2820 816 2874 ut
831 2811 961 2874 diversae
975 2809 1011 2871 ab
1026 2830 1062 2871 eo
1078 2810 1181 2892 stirpis
1197 2811 1275 2874 oreili
1291 2828 1357 2874 non

192 2914 327 2997 potnerit.
357 2913 518 2996 coniugem
537 2924 636 2979 autern
652 2914 827 2998 Hyperioni,
847 2922 970 2977 matrem
985 2912 1062 2988 Soli,
1082 2914 1194 2989 Lunae,
1217 2914 1356 2988 Aurorae,

194 3010 296 3082 Θείαν
314 3019 472 3093 dodemnt,
496 3021 577 3101 quod
598 3038 709 3083 nomen
730 3017 794 3082 aliis
819 3017 890 3080 nint
910 3015 967 3079 nisi
987 3015 1159 3079 attacorum
1183 3015 1357 3079 femininum

192 3121 254 3185 eius
269 3122 349 3204 quorl
364 3132 410 3186 est
424 3125 537 3199 aaron
547 3128 589 3203 ²),
604 3123 667 3187 aliis
679 3144 695 3185 a
707 3121 796 3183 serbo
808 3113 902 3184 θέειν
913 3120 1032 3182 duoturn
1045 3137 1110 3182 esse
1121 3127 1151 3181 ot
1160 3118 1358 3181 Ambulonorn

192 3225 355 3304 significare
380 3225 567 3304 sirleturlllt
593 3227 639 3289 alii
666 3225 791 3307 denique
818 3244 885 3288 eum
913 3225 1002 3287 rerlro
1023 3219 1179 3288 θεᾶσθαι
1198 3230 1358 3302 cognatum

193 3334 400 3408 consenum),
420 3330 547 3413 permoti
567 3329 713 3412 irrrprimis
729 3328 849 3392 Pindari
870 3327 1017 3402 versilms,
1035 3325 1138 3390 lsthm.
1150 3323 1187 3387 tv
1209 3322 1267 3404 (V)
1283 3324 1357 3401 init,

194 3432 224 3496 in
244 3434 351 3516 quilius
371 3453 462 3516 quum
482 3443 512 3497 et
531 3434 698 3498 divitiarum
718 3434 817 3497 lionor
835 3452 852 3495 a
867 3431 942 3495 Tlria
962 3439 1112 3513 repetatur
1125 3438 1155 3493 et
1168 3426 1358 3492 victoriarum

194 3536 318 3612 elautae,
333 3536 423 3600 rideri
438 3547 537 3619 potest
551 3538 613 3601 eius
628 3536 760 3601 numinis
775 3537 847 3600 liaeo
862 3536 906 3598 vis
922 3555 1000 3610 esse,
1016 3543 1049 3598 ut
1063 3533 1205 3616 largiatur
1216 3531 1357 3614 qttidquld

195 3641 381 3721 splendidum
400 3649 446 3702 est
465 3648 495 3703 et
512 3640 721 3722 conspicuum,
741 3631 867 3703 θεατόν
887 3657 913 3701 r.
929 3630 1069 3723 θαητόν.
1100 3635 1201 3716 Neque
1218 3634 1357 3699 dubitan-

264 3870 305 3933 23)
319 3869 430 3935 Neurus,
443 3869 517 3921 ilion.
528 3866 571 3933 t't,
586 3867 617 3919 15
630 3882 684 3934 sqq.
697 3866 762 3917 hune
773 3863 929 3929 astrologum
941 3861 1010 3915 lacit.

264 3953 305 4016 no)
319 3954 355 4005 lle
367 3955 472 4007 nominis
484 3954 652 4020 origiomlono
663 3952 714 4003 vid.
728 3965 792 4020 quae
804 3950 921 4001 lineatur
932 3947 957 3999 ia
969 3947 1030 4000 diss.
1043 3948 1075 4000 do
1088 3945 1182 3999 tteenu
1194 3961 1218 4013 p.
1230 3944 1273 3997 15.

264 4038 306 4103 31)
320 4039 442 4092 Similiter
453 4040 529 4092 etiam
541 4037 697 4108 posteriores
710 4036 828 4105 physicos
841 4035 963 4087 statuiose
975 4040 1061 4086 uotum
1073 4040 1122 4085 ert.
1146 4029 1205 4085 vit.
1216 4045 1280 4098 quos
1289 4027 1358 4080 laud.

196 4124 315 4177 Cramer.
327 4126 359 4176 sil
372 4125 423 4176 Cie.
434 4125 459 4176 el.
472 4122 505 4175 N.
518 4124 548 4175 l).
561 4122 590 4188 ll,
605 4122 635 4174 15
648 4139 672 4190 p.
682 4120 733 4173 365
746 4128 774 4174 et
783 4120 867 4173 leleler
878 4121 909 4171 at
922 4120 1001 4172 Arist.
1014 4117 1123 4172 nouae.
1136 4114 1164 4186 ll,
1176 4114 1227 4183 2,ss
1239 4131 1263 4184 p.
1273 4113 1333 4167 tot.

265 4210 307 4276 32)
320 4192 458 4275 ὒσεῑῑίἰες.
471 4210 503 4261 <le
514 4215 611 4260 aeeeot.
623 4224 647 4275 p.
660 4207 716 4260 131.
729 4207 839 4274 Lennep.
852 4206 884 4259 uel
897 4206 980 4271 theos.
991 4220 1018 4258 v.
1032 4203 1089 4257 135.

264 4295 307 4360 33)
319 4294 404 4347 Selsol.
415 4295 447 4346 sd
460 4292 544 4359 theos.
556 4308 582 4345 v.
597 4292 653 4345 135.
677 4291 762 4361 Etym.
774 4292 810 4347 Μ.
822 4308 848 4361 p.
858 4292 917 4358 tto,
933 4291 974 4344 15.

264 4381 321 4449 33))
334 4378 373 4434 Gt.
386 4378 490 4433 cemt.
501 4394 526 4448 p.
535 4378 578 4432 34.
591 4374 677 4431 Senot.
689 4376 760 4431 Frui.
772 4376 846 4432 Nm.
857 4375 877 4445 1,
889 4375 932 4431 53.
952 4374 1040 4430 lsthn.
1052 4373 1085 4442 V,
1099 4375 1122 4436 l.
