2962 4808
738 497 796 560 itt

189 688 287 769 operis
306 685 462 749 consilium
484 693 564 768 apta,
583 686 821 769 quandoquidem
837 705 932 770 neqm
946 688 977 751 in
993 699 1135 772 promptu
1150 689 1203 752 alia
1218 688 1351 763 habebat,

189 808 282 870 necque
302 790 385 863 baec,
407 807 480 869 quae
495 786 634 864 hahebat,
655 788 721 870 ipse
740 791 882 871 reingere
896 790 1010 874 aliaque
1024 803 1054 855 et
1067 792 1180 874 aptiore
1195 793 1290 856 lorma
1304 792 1351 857 in-

188 892 278 954 duem
296 891 416 954 valebat.
432 926 474 937 —
489 891 526 954 bt
547 892 678 973 produnt
696 893 919 975 compilatorem
934 911 995 957 non
1011 894 1085 958 haee
1099 895 1196 960 solum
1212 915 1286 978 quae
1300 896 1352 960 de-

188 993 348 1056 monstravi
364 993 478 1068 indicia,
494 995 555 1069 secl,
570 1006 601 1058 ut
617 994 753 1070 arbitror,
768 996 856 1059 otiam
869 1005 949 1059 tutus
961 997 1044 1060 color
1054 998 1232 1062 narrationis
1243 1018 1353 1081 genus·

187 1115 244 1177 que
272 1097 386 1159 dicendi
411 1097 440 1158 in
465 1097 671 1161 titanumaciris
696 1098 831 1162 nounibii
855 1118 871 1161 a
891 1099 1010 1180 reliquis
1030 1099 1203 1180 theogoniae
1221 1101 1353 1184 partibus

189 1199 372 1281 discrepans,
392 1200 484 1281 quod,
504 1199 618 1263 etiamsi
637 1201 772 1290 explicari
791 1205 919 1266 luctasse
938 1203 1043 1284 aliquis
1058 1222 1150 1285 posse
1164 1204 1241 1268 dicat
1256 1224 1291 1268 ex
1304 1224 1353 1269 re·

189 1321 254 1366 rum
275 1320 381 1383 genere
395 1301 526 1378 diuerso,
546 1302 617 1365 milri
634 1313 730 1366 tanuen
745 1306 833 1370 etiam
849 1315 1001 1369 auctomrn
1017 1301 1214 1368 diversitatem
1229 1306 1355 1387 probam

189 1406 310 1470 vitietur.
342 1406 401 1469 Seri
421 1407 457 1471 de
473 1407 534 1481 bis,
557 1407 697 1489 quoniam
714 1408 830 1472 difficile
844 1419 890 1473 cst
905 1408 1098 1491 obloquentes
1121 1408 1307 1485 convincere,
1326 1419 1356 1474 et

189 1509 292 1573 sentiri
320 1508 385 1572 talia
410 1509 522 1572 lacibus
547 1511 700 1593 aperitis,
726 1532 815 1595 quam
835 1513 1035 1578 demonstrari
1053 1513 1198 1595 imperitis
1218 1523 1354 1607 possunt,

190 1614 259 1676 nolo
280 1631 361 1676 nunc
376 1612 459 1694 plura
474 1612 579 1676 dicero.
609 1614 740 1697 Tangam
755 1627 853 1681 autem
870 1636 962 1681 unum
977 1626 1140 1700 practerea,
1155 1615 1192 1680 de
1206 1636 1266 1699 quo
1283 1617 1354 1682 laci·

190 1717 216 1781 le
235 1717 394 1800 quemlibet
413 1717 485 1780 milvi
506 1735 698 1782 assensurum
719 1739 822 1802 spero:
843 1720 1001 1785 transitum
1020 1721 1101 1785 ilium
1122 1719 1311 1802 praecipitem
1325 1730 1356 1785 et

137 1834 171 1888 to
192 1821 441 1904 abruptumque
462 1830 532 1904 post
550 1821 713 1885 absolutam
734 1823 771 1886 de
784 1824 874 1907 lapeti
894 1823 960 1888 iliis
981 1823 1297 1889 camedonensem
1318 1825 1354 1890 avi

191 1923 428 1987 titanomacbiam
450 1942 512 1987 non
531 1924 717 2001 deducimur,
733 1926 784 1989 scd
804 1925 980 2008 abripimur,
995 1925 1052 1988 iam
1074 1925 1215 1988 alVolilo
1234 1925 1355 2010 aliisque

193 2036 341 2100 notatum,
362 2036 391 2091 et
411 2026 602 2109 compilatore
622 2029 686 2090 sine
706 2028 795 2091 dubio
817 2048 905 2111 quam
920 2038 1007 2110 poeta
1022 2027 1195 2110 digniorem.
1225 2028 1355 2113 lienique

192 2140 341 2211 comparet
362 2130 434 2192 rnihi
454 2129 558 2211 aliquis
578 2149 645 2193 cum
666 2131 724 2193 boc
744 2131 824 2207 loco,
846 2131 896 2213 qui
916 2130 1031 2194 solutos
1051 2149 1066 2193 a
1086 2130 1153 2193 love
1167 2131 1356 2198 Centimsuos

192 2233 312 2307 inducit,
327 2252 395 2296 eum
411 2233 461 2315 qui
476 2240 521 2295 est
537 2251 561 2295 v.
574 2233 631 2295 501
642 2234 768 2297 -5062

317 2332 414 2399 Λῦσο
436 2329 474 2399 δὲ
489 2327 815 2421 πατροκασιγνήτους
836 2326 943 2400 σ’λοῶν
957 2328 1029 2400 α’ττὸ
1053 2332 1197 2418 δεσμῶν,

319 2429 519 2524 Οὖρανίδας,
544 2428 602 2513 ob'c
623 2433 703 2524 δῆσε
725 2434 835 2525 πατήρ
859 2429 1147 2525 ἀεσιφροσίνῃσιν.

177 2621 179 2626 ,
194 2549 224 2604 et
237 2542 414 2605 assentietur
429 2540 493 2603 sine
508 2539 597 2603 ‹lubio
614 2540 731 2616 ll'ollro,
749 2539 786 2602 ita
801 2541 873 2604 lraee
888 2538 965 2602 dicta
979 2559 1059 2614 esso,
1080 2549 1112 2603 ut
1128 2541 1164 2603 cie
1179 2541 1357 2609 Centimanis

195 2644 302 2726 pariter
316 2664 351 2708 ac
366 2645 402 2708 vie
417 2643 591 2726 Cyclopilrus
606 2643 697 2726 accipi
713 2644 839 2726 possint
869 2641 926 2705 Sed
944 2662 1019 2724 quae
1033 2643 1132 2706 statim
1148 2656 1321 2726 sequuntur,

318 2745 355 2811 οἳ
375 2739 406 2811 oi
423 2738 656 2832 ἀπεμνήσαντο
676 2740 773 2831 χάριν
794 2738 1022 2829 εὖεργεσιοὶων,

319 2846 428 2912 δῶκαν
450 2843 488 2912 δι’
510 2843 649 2935 βροντὴν
671 2839 725 2934 ἠδ’
747 2841 952 2913 αἰθαλόεντα
973 2842 1129 2932 κεραυνὸν

318 2948 375 3014 καὶ
398 2946 577 3037 στεροπήν·
599 2947 639 3016 cd
654 2949 735 3035 πρὶν
749 2947 788 3015 δὲ
803 2944 934 3035 πελώρη
959 2950 989 3012 Γ
987 2949 1045 3013 αἶα
1067 2944 1238 3015 κεκεύθει·

317 3055 388 3130 τοῖς
403 3046 541 3129 πίσυνος
554 3055 712 3141 θνητοῖσι
734 3051 792 3118 καὶ
814 3046 1040 3117 ἀθανάτοισιν
1060 3042 1212 3131 ἀνάσσει,

196 3159 232 3221 acl
252 3157 394 3240 Cyclopes
415 3157 496 3219 solos
516 3157 662 3238 pertinere
682 3167 813 3239 nquaret.
848 3157 963 3219 Scilicet
981 3154 1037 3218 bos
1056 3156 1139 3237 prius
1159 3157 1273 3220 solutos
1294 3179 1360 3221 esse

198 3261 366 3344 oportebat,
387 3269 419 3322 ut
439 3258 529 3322 arnris
544 3260 642 3323 lovem
663 3259 852 3334 instruerent,
868 3258 974 3341 quibus
990 3261 1082 3321 lrelus
1098 3267 1209 3321 certare
1225 3279 1291 3323 curn
1308 3261 1360 3325 Ti-

198 3364 312 3427 tanibus
328 3363 364 3426 de
379 3362 503 3445 imperio
518 3363 645 3428 auderet.
669 3365 705 3428 lit
720 3363 901 3445 significatur
911 3363 969 3426 boc
981 3362 1211 3444 quodammodo,
1226 3365 1360 3445 quamvis

199 3466 364 3541 obscurius,
381 3484 468 3530 versu
483 3477 645 3547 postremo.
677 3468 735 3530 Sed
751 3467 776 3530 si
791 3477 905 3549 poetae,
922 3485 983 3529 non
999 3465 1199 3548 compilatoris
1215 3486 1292 3549 opus
1307 3469 1360 3531 iva·

199 3568 350 3644 bererrms,
370 3569 536 3651 expositum
553 3571 616 3633 sine
631 3569 722 3634 dubio
738 3571 917 3652 legeremus,
933 3579 965 3633 ut
976 3571 1067 3633 lretus
1080 3569 1170 3634 armis
1183 3569 1292 3652 lupiter
1303 3570 1360 3634 inv-

201 3673 312 3756 perium
332 3675 508 3745 allectasset,
533 3683 565 3737 ut
584 3673 762 3737 restitissent
781 3674 914 3748 Titanes,
938 3681 970 3736 ut
988 3673 1095 3736 bellurn
1114 3672 1184 3735 binc
1204 3673 1363 3736 exarsisset

199 3796 284 3857 grase
304 3787 333 3839 et
352 3778 537 3852 dinturnun13
556 3786 584 3840 ct
598 3777 642 3841 sic
655 3778 774 3841 dcmvvm
790 3778 867 3842 iusto
883 3776 1059 3840 narrationis
1076 3774 1181 3839 ordine
1194 3776 1232 3840 avi
1247 3777 1362 3840 solutos

201 3879 287 3941 etiam
307 3880 494 3943 Centimauos
516 3881 686 3962 exitumque
704 3881 770 3944 beili
790 3882 1011 3944 deduceremur.
1045 3878 1131 3942 Nunc
1149 3888 1248 3941 autem
1267 3879 1362 3942 hiulca

203 3980 300 4042 omnio
319 3991 347 4043 et
367 4002 470 4044 uranon
490 3992 519 4045 et
538 3983 620 4046 aliter
638 4003 725 4065 quarn
746 4003 794 4047 res
810 3982 952 4067 poscebat
966 3990 1083 4045 narrata
1098 3980 1246 4055 videmus,
1261 3990 1295 4043 ut
1308 3999 1362 4062 ego

203 4081 318 4162 quidem
335 4082 436 4163 lleynii
453 4083 600 4158 iudicium,
615 4106 681 4149 esse
696 4088 773 4150 banc
787 4085 975 4169 tircogoniam
991 4102 1053 4146 uon
1069 4084 1158 4145 unius
1169 4090 1274 4163 poetae
1286 4101 1363 4164 opus

204 4182 391 4257 continuum,
412 4185 464 4245 scd
484 4204 501 4246 c
519 4186 651 4267 pluribus
667 4189 791 4253 aliorum
807 4187 986 4253 camvinibus
1000 4206 1017 4250 a
1033 4183 1225 4267 compilatore
1240 4201 1363 4248 consar-

203 4284 340 4359 cinatum,
354 4304 415 4348 non
430 4287 614 4352 mediocriter
627 4292 685 4356 lroc
699 4311 799 4356 earum
815 4311 890 4373 quae
902 4288 939 4354 ad
951 4289 1069 4353 'l‘itanes
1081 4295 1111 4350 et
1121 4285 1362 4352 titanomadrisrn

203 4388 350 4471 pertinent
363 4387 489 4469 partium
505 4392 637 4456 examine
651 4395 838 4478 comprobari
853 4411 998 4458 censeam.

291 4487 384 4554 sm‘b
399 4488 687 4574 Gryphisvvaldiaed.
701 4497 827 4562 llillllll.
842 4517 882 4562 vn
896 4499 970 4579 Aug.
984 4490 1203 4559 mcxliv.
1267 4488 1316 4551 .’
