2962 4808
438 452 447 565 ἐ
618 486 818 585 Λα...

142 676 221 741 οἷσι.
255 676 386 741 Eandem
400 676 559 758 Aeschylus
575 685 718 741 memorat
732 675 888 740 Eumenid.
903 693 930 737 r.
942 674 1014 748 697,
1028 673 1078 739 uli
1093 672 1197 737 Furiae
1207 674 1300 755 otpol-

142 780 230 843 linem
245 779 375 861 deceptis
389 779 489 844 Parcis
505 775 653 857 παλαιὰς
675 774 844 861 διανομάς,
861 787 991 842 uetustae
1005 776 1220 841 distributionis
1235 775 1300 841 iura

141 883 331 946 conculcasse
345 881 543 946 criminantur.
573 882 648 945 Nam
664 875 827 963 διανομάς
837 881 875 944 ilii
895 900 950 962 pro
967 874 1126 961 δαίμονας
1142 879 1299 960 legendum

141 993 185 1048 est
206 1005 274 1049 omn
294 985 527 1049 τοΙιοΙ.1ἀάιαο.
549 986 585 1048 ad
602 986 700 1068 Enrip.
717 985 822 1048 dlcest
838 1004 864 1048 r.
884 984 920 1047 12
931 989 971 1061 ³).
1001 983 1142 1047 Eiusdem
1157 982 1299 1046 distrdru-

141 1088 229 1153 tionis
252 1091 313 1153 iura
335 1089 477 1172 signilieat
498 1108 525 1152 v.
546 1089 624 1165 775,
651 1079 692 1153 tot
713 1081 791 1152 θεοί
814 1082 968 1170 νιάτεροι
991 1081 1157 1162 παλαιοίς
1178 1080 1301 1169 νόμους

140 1185 419 1258 καθιππάσασθε
440 1182 503 1254 ndo
523 1187 626 1276 χερῶν
646 1184 783 1255 εἵλεσθέ·
801 1210 881 1273 μοι,
908 1201 977 1255 etr.
994 1192 1070 1266 370,
1090 1184 1221 1271 θεσμὸν
1241 1184 1301 1252 τὸν

138 1289 384 1381 μοιρόκραντον,
406 1287 443 1358 έκ
462 1291 553 1358 θεῶν
575 1287 719 1358 δοθέντα
739 1289 858 1375 τέλεον,
881 1295 909 1358 Ιι.
921 1315 946 1359 e
963 1295 1009 1358 ins
1024 1294 1094 1357 olim
1109 1296 1169 1358 lato
1185 1293 1298 1358 eonsti-

139 1410 233 1465 tutum
249 1410 402 1481 ratumque
416 1419 432 1461 a
447 1397 509 1462 deis
524 1396 665 1462 lmlritnm.

223 1506 256 1569 ln
268 1503 411 1589 proximis
426 1503 519 1567 trilms
534 1502 677 1575 versibus.
693 1500 881 1580 426-428,

239 1599 311 1674 οὔδ’
336 1601 388 1672 ίίτι
410 1602 607 1693 μοινογινῃς
628 1593 731 1694 ἧσσον
752 1600 820 1671 θεά
842 1597 966 1690 ἔμμορε
987 1601 1095 1692 τιμῆς,

238 1708 297 1777 καί
319 1706 415 1798 γέρας
436 1704 471 1776 έν
492 1702 569 1799 γαίῃ
591 1705 707 1775 τεκαὶ
730 1701 857 1795 οίρανῷ
880 1702 938 1798 p'de'
960 1703 1126 1798 θαλάσσῃ,

239 1806 314 1879 ἀλλ’
336 1805 387 1878 ἔτι
411 1808 467 1876 καί
490 1809 576 1876 aoid
596 1808 729 1895 μᾶλλον,
752 1806 829 1878 ἐπεὶ
851 1809 935 1890 Zeis
956 1807 1064 1878 τίεται
1087 1805 1197 1901 adress,

137 1940 221 1994 erem,
246 1917 296 2001 qui
316 1916 446 1980 secundo
466 1916 531 1979 loco
551 1917 667 1998 positus
687 1929 746 1993 est,
770 1927 799 1980 et
818 1936 1067 1999 supervacaneum
1086 1930 1116 1982 et
1134 1930 1300 1985 structurae

140 2023 337 2104 incongruum
357 2038 424 2082 esse
439 2029 570 2100 opiparet.
599 2023 785 2104 Quatnquam
801 2023 869 2085 lmic
889 2023 1007 2105 quidem
1022 2024 1241 2087 accommodari
1257 2024 1301 2087 sic

137 2126 244 2208 possit,
260 2133 292 2187 ut
304 2134 355 2186 aut
377 2117 433 2187 καὶ
456 2115 582 2205 γεράων
602 2116 637 2186 έν
658 2120 698 2212 γῃ
720 2145 756 2187 τε
777 2126 935 2198 scribatur,
950 2135 1000 2188 ant
1015 2127 1125 2189 omissa
1140 2127 1299 2209 praeposi·

138 2230 218 2292 tione
238 2221 297 2291 καὶ
319 2221 445 2311 γεράων
466 2219 543 2314 γαίῃ
564 2246 609 2304 τε,
632 2229 879 2310 quenadmodum
896 2228 1062 2311 Lennepius
1078 2230 1168 2292 roluit
1182 2250 1211 2312 p.
1225 2230 1297 2294 2811.

137 2333 196 2397 Sed
219 2340 362 2414 praestat,
388 2331 510 2413 opinor,
535 2339 729 2413 transponere
748 2351 865 2394 versum
887 2342 956 2413 post
972 2332 1048 2406 422,
1075 2325 1201 2395 τοέτιον
1228 2323 1297 2411 ἔχει

73 2508 75 2512 ,
137 2424 236 2500 olene
250 2427 415 2510 ἁπάντων,
431 2452 489 2514 quo
500 2434 575 2496 lacto
590 2433 666 2497 nulla
681 2434 807 2516 aritplius
823 2434 983 2496 nmtatione
998 2453 1075 2516 opus
1087 2444 1142 2508 est,
1160 2445 1188 2498 et
1203 2434 1298 2517 aptis·

139 2539 213 2602 sirne
228 2525 310 2602 alce
324 2538 370 2600 illa
385 2528 542 2601 ἁπάντων
554 2557 642 2619 rpuam
653 2537 708 2601 late
717 2538 845 2620 patuerit
855 2537 952 2601 statim
973 2537 1161 2619 significatur.
1185 2539 1297 2602 Trans-

138 2642 208 2724 poni
219 2660 336 2705 uersum
351 2641 437 2703 ctiam
449 2639 642 2722 Goettlingius
657 2642 755 2704 rolnit:
765 2642 817 2704 sed
829 2652 897 2724 post
909 2642 980 2715 425,
994 2652 1027 2704 ut
1037 2643 1125 2705 rerlra
1141 2654 1298 2706 construe·

138 2757 239 2810 rentur
251 2747 281 2807 in
292 2745 370 2806 hunc
382 2746 518 2807 niodum:
535 2735 608 2807 ἀλλ’
623 2735 669 2821 uic
686 2740 874 2827 τὸπρῶτον
892 2736 955 2806 ἀπ’
976 2736 1078 2831 ἀρχῆς
1092 2736 1213 2809 έπλιτο
1234 2743 1298 2808 du-

138 2843 230 2931 σμός,
246 2839 357 2929 (niaco)
373 2840 429 2909 καὶ
445 2842 542 2932 γέρας
556 2838 639 2928 έχιιε
661 2867 720 2929 qno
732 2849 777 2910 rix
793 2848 952 2929 ‹prridmmm
968 2848 1194 2930 improlmliilius
1208 2869 1298 2911 exco-

138 2952 221 3035 gitari
238 2951 371 3035 potuisse
386 2952 483 3014 eredo.
513 2951 643 3032 lienique
657 2951 857 3028 llermamms‚
877 2952 993 3014 dissert.
1011 2973 1039 3033 p.
1056 2952 1107 3024 13,
1129 2971 1245 3016 retorem
1260 2951 1298 3014 at»

138 3057 235 3139 aliquo
250 3056 460 3138 interpolatore
477 3056 506 3117 in
523 3056 652 3136 margine
667 3055 845 3137 adscriptum
861 3075 927 3116 esse
942 3057 1043 3118 statuit
1056 3057 1092 3118 ad
1105 3076 1130 3119 r.
1147 3057 1223 3131 425,
1244 3075 1297 3119 ne·

139 3181 195 3245 que
219 3169 317 3224 tamen
342 3155 399 3222 καὶ
431 3152 539 3242 γέρας,
570 3160 623 3222 scd
650 3146 689 3220 ὃν
719 3151 824 3242 γέρας.
866 3158 982 3222 Scilicet
1005 3160 1204 3241 interpolatori
1228 3179 1297 3223 eum

137 3283 226 3347 quam
247 3261 303 3345 ipsi
324 3262 516 3344 compositori
533 3263 706 3344 theogoniae
725 3262 851 3326 trilmcre
870 3262 982 3337 rnaluit,
1003 3282 1039 3325 ne
1054 3264 1189 3344 stropha,
1208 3283 1297 3345 quam

138 3368 303 3442 constituit,
328 3386 344 3429 a
365 3384 451 3428 versu
471 3366 528 3428 421
552 3367 588 3428 ad
611 3367 685 3441 425,
711 3365 876 3447 quinarium
898 3384 1053 3430 nuceretum
1073 3367 1236 3432 excederet.
1255 3403 1298 3416 -

138 3473 232 3535 Versu
247 3472 343 3554 primo
359 3470 384 3533 si
400 3470 446 3534 cui
464 3462 607 3533 desinon
624 3478 731 3533 rectam
747 3468 846 3532 sedem
864 3469 969 3534 irarliere
984 3471 1127 3547 rielcatur,
1147 3482 1177 3535 ut
1193 3471 1298 3536 tim-tt·

137 3576 227 3658 lingio
245 3576 413 3649 visentem,
433 3574 530 3657 possit
545 3573 570 3637 is
585 3569 676 3638 dcciv
696 3592 851 3656 reponere:
872 3575 924 3638 sed
944 3575 1079 3657 equidem
1101 3576 1154 3639 ista
1170 3577 1298 3641 coltoca-

138 3680 217 3744 tiono
236 3697 298 3742 non
319 3677 410 3758 inagis
430 3677 577 3751 offendor,
597 3696 686 3758 quam
707 3697 732 3739 v.
750 3677 826 3752 221,
855 3669 922 3740 αἵτ’
946 3668 1071 3762 ἀνδρῶν
1092 3700 1128 3743 τε
1150 3677 1241 3744 θεῶν
1261 3703 1300 3748 τε

137 3774 368 3867 παραιβασίας
394 3775 578 3867 έφέποισιν
604 3772 683 3844 αι’·ὄέ
710 3801 794 3844 ποτε
819 3775 957 3866 λέγουσι
983 3776 1066 3846 θεαί
1093 3780 1219 3849 δεινοῖο
1239 3781 1297 3864 χό-

137 3881 227 3962 λοιο,
252 3893 302 3947 ant
321 3904 348 3946 v.
365 3884 440 3958 431,
467 3874 486 3969 ἡ
512 3874 561 3960 d’,
588 3873 689 3946 ὁπότ’
715 3876 751 3960 ές
777 3877 923 3964 πόλεμον
944 3879 1139 3972 φθισήνορα
1161 3884 1299 3976 θιορῃσ·

136 4006 261 4053 σωνται
294 3978 418 4068 ἀνέρες,
450 3976 535 4050 ἔνθα
564 3981 633 4050 θεά
665 3978 904 4070 παραγίγνεται
936 3975 988 4066 οἷς
1019 3981 1051 4051 κ’
1084 3984 1234 4079 ἐθέλῃσι.
1255 4029 1298 4041 -
1320 4008 1335 4023 ·

205 4247 231 4311 3)
244 4246 302 4298 Vid.
316 4245 402 4298 Cobet.
416 4255 481 4299 orat.
493 4247 524 4299 te
536 4252 586 4297 ert.
599 4245 703 4313 interpr.
716 4262 739 4314 p.
752 4244 799 4296 112
811 4252 840 4297 et
851 4246 875 4296 iu
886 4244 967 4298 Geelii
980 4247 1020 4300 ed.
1029 4247 1119 4318 Eurip.
1131 4247 1261 4303 cumana
1274 4269 1300 4322 p.

138 4331 196 4384 275.
221 4331 331 4384 &odem
347 4333 544 4386 emendationem
557 4345 636 4400 nuper
648 4330 771 4396 llerglsius
783 4330 808 4383 in
820 4330 873 4384 lud.
886 4333 964 4385 selsel.
978 4331 1107 4400 limburg.
1119 4337 1217 4390 hibern.
1232 4339 1299 4391 iil-it)

135 4416 240 4470 -1851
260 4418 320 4488 px
336 4421 448 4473 adhibuit
459 4417 587 4472 ntem-u
602 4416 730 4469 versiculo
750 4419 815 4486 apud
832 4418 952 4473 schotti.
964 4419 990 4487 1,
1006 4421 1069 4488 stt,
1086 4422 1128 4475 ubi
1145 4424 1251 4491 legitur:
1268 4421 1301 4485 dr

136 4498 203 4558 ider
215 4499 323 4565 πάλους
334 4503 419 4561 inuis
431 4497 571 4577 δαίμονάς
582 4496 608 4556 τ’
621 4497 772 4556 ἐδάσσατο.
