2962 4808
564 457 568 462 .
610 364 732 465 .-.⁵³
755 458 763 463 .,

82 549 321 632 neronianae
340 556 477 639 apportet,
498 555 554 620 0d.
575 558 639 632 tu,
664 556 799 632 idm),
821 555 1030 638 coniungitque
1048 575 1116 618 crem
1135 544 1247 641 Ai‘up,

82 667 221 741 tauquam
240 657 325 734 alias,
349 659 414 723 licet
438 660 504 723 alibi
523 647 642 726 Aine»
664 670 693 724 et
712 660 850 744 Μοῖραν
866 660 1036 744 promiscue
1056 669 1192 742 usurpet,
1216 669 1247 722 et

82 761 220 847 Μοῖραν
233 763 326 826 mnito
345 765 463 848 saepius
483 764 620 848 singulari
636 764 838 848 quamplurali
854 784 978 827 rrunrem
993 764 1077 826 dicat
1108 763 1244 827 Ceterum

82 886 173 948 quum
189 866 277 930 etiam
292 868 372 951 apud
383 868 544 932 Hesiodum
560 871 634 933 ciuus
646 870 776 932 diversas
792 870 828 932 de
839 869 996 932 Parcarum
1012 886 1117 949 genere
1133 868 1246 931 tabulas

80 971 208 1053 proponi
224 971 387 1048 rideamus,
405 991 499 1055 neque
519 973 597 1056 apud
618 973 797 1056 posteriores
818 992 948 1054 unquam
964 989 1022 1033 una
1038 971 1074 1034 de
1090 970 1126 1033 iis
1142 971 1245 1054 opinio

81 1082 159 1136 eoru
174 1093 208 1137 ae
222 1073 332 1137 stabilis
347 1075 505 1152 invaluerit,
521 1075 694 1151 Homerum,
710 1076 759 1158 qui
775 1077 902 1140 fatorum
913 1075 971 1137 rim
983 1095 1018 1137 ac
1029 1094 1137 1138 numen
1151 1074 1244 1156 magis

28 1261 29 1265 Ἰ
81 1177 209 1240 obscuro
228 1179 318 1243 animi
339 1199 430 1244 sensu
445 1181 612 1263 suspicatus
626 1201 708 1256 esse,
729 1200 816 1262 quam
833 1189 942 1242 eertum
957 1178 1001 1241 rel
1015 1177 1103 1242 unius
1119 1179 1163 1242 rel
1176 1179 1245 1261 priu-

79 1281 157 1345 rium
173 1301 370 1364 personarum
385 1285 512 1368 speciem
527 1285 704 1348 informasse
719 1284 844 1356 videtur,
860 1301 922 1346 non
937 1300 1009 1345 sane
1024 1281 1132 1344 mirum
1148 1293 1193 1345 est
1207 1282 1244 1345 de

80 1403 186 1464 genere
207 1394 234 1448 et
254 1396 321 1450 ortu
341 1389 498 1452 Parcarum
517 1387 589 1450 nibil
605 1387 781 1468 prodidisse.
815 1388 916 1469 Neque
936 1386 1098 1449 Gratiamm
1120 1395 1172 1449 aut
1190 1407 1243 1468 pa·

79 1497 177 1550 rentes
189 1488 335 1553 Homerus
347 1490 489 1562 nominat,
502 1500 552 1552 aut
563 1508 719 1552 numemm
732 1489 833 1552 desunt
843 1493 854 1532 ³
866 1491 909 1566 Ι),
924 1507 1103 1571 quamquam
1116 1489 1243 1570 amplius

80 1600 141 1653 tres
157 1591 261 1667 fuisso,
278 1601 352 1673 quot
362 1592 451 1655 habet
461 1590 623 1666 Hesiodus,
643 1591 723 1654 iaeiie
737 1591 856 1672 colligas
875 1611 910 1653 ex
924 1591 956 1652 H.
972 1589 1050 1666 xit,
1069 1591 1142 1653 208.
1169 1590 1243 1654 269.

80 1693 153 1755 275.
169 1694 246 1768 276,
266 1694 316 1757 ubi
327 1714 386 1758 una
398 1715 433 1758 ex
445 1694 609 1758 iunioribus
621 1694 728 1758 Gratiis
739 1694 918 1767 nominatur,
934 1694 1079 1767 Pasithea,
1094 1713 1170 1776 quae
1182 1711 1244 1756 non

80 1806 126 1860 cst
141 1796 170 1860 in
185 1797 280 1860 tribus
292 1798 454 1872 Hesiodeis,
470 1799 578 1880 dgiaia,
593 1799 795 1882 Euphrosyne,
809 1796 1014 1881 Terprsieirore.
1041 1798 1137 1873 Quam
1149 1795 1245 1859 variae

80 1909 177 1965 aretem
193 1901 279 1965 etiam
294 1903 494 1984 posteriorum
510 1902 546 1967 de
562 1903 669 1967 Gratiis
685 1903 845 1966 sententiae
861 1901 977 1978 iruerint,
991 1921 1079 1965 neruo
1096 1901 1218 1983 ignomt.

165 2006 206 2069 He
221 2007 399 2088 Proserpina
414 2006 521 2088 ambigi
537 2016 650 2089 potest,
669 2007 822 2071 Cererisne
837 2027 902 2070 eam
918 2007 1020 2081 Peliam,
1040 2015 1073 2068 ut
1088 2005 1246 2080 Hesiodus,

80 2108 123 2172 sie
133 2109 220 2172 etiam
235 2110 381 2175 Homerus
397 2110 558 2175 crediderit
586 2111 660 2173 Nam
676 2112 741 2175 iicet
756 2113 890 2173 t‘ererem
906 2109 936 2172 in
951 2110 987 2172 iis
1002 2117 1151 2184 numeret,
1170 2128 1245 2191 quas

80 2197 189 2294 iupiter
203 2215 355 2295 amplexus
370 2214 422 2288 sit,
442 2214 472 2278 H.
487 2213 564 2287 ΧΠ,
585 2213 663 2287 326,
681 2214 949 2296 Proserpinamque
969 2213 1047 2277 ioris
1068 2215 1157 2276 iniiam
1179 2234 1246 2276 esse

81 2324 211 2392 testetur,
225 2317 280 2379 Od.
293 2316 341 2392 ΧΙ,
356 2318 429 2392 nrt,
444 2329 541 2381 tamen
552 2317 656 2381 Cerere
667 2317 743 2380 inane
754 2327 850 2380 natam
867 2337 933 2379 esse
944 2336 1089 2397 nusquam
1102 2316 1245 2397 perbibet,
1331 2320 1335 2328 '

80 2437 175 2501 neque
189 2428 299 2482 temere
318 2420 477 2492 PreHrrus,
498 2420 542 2482 rir
561 2421 850 2496 suirtiiissimusst),
870 2438 981 2483 numen
1001 2420 1065 2482 eius
1085 2428 1114 2481 et
1133 2438 1244 2483 munus

1 2520 4 2527 '
81 2522 157 2602 aepud
174 2522 335 2584 Homerum
348 2532 407 2584 tam
423 2523 570 2584 diversum
586 2523 676 2585 rideri
692 2522 828 2584 iudicarit
842 2521 879 2584 ab
893 2541 943 2594 eo,
965 2523 1045 2602 qrrod
1062 2523 1243 2604 posteriores

80 2623 107 2685 ei
123 2623 299 2698 tribuerunt,
315 2632 348 2687 ut
363 2624 408 2685 sir
424 2623 497 2686 ratio
514 2634 664 2707 appareat,
680 2643 733 2686 eur
747 2623 860 2685 fereris
876 2644 939 2685 eam
957 2624 1043 2686 Hliam
1060 2624 1096 2686 ab
1112 2624 1243 2687 Homero

82 2725 209 2787 babitans
224 2746 290 2789 esse
305 2725 473 2788 ereeiaurus:
494 2727 602 2808 quippe
622 2727 767 2809 pertinere
786 2726 861 2788 trane
881 2726 1024 2807 originem
1040 2727 1075 2788 ad
1093 2747 1157 2789 eam
1174 2727 1243 2808 opi·

79 2827 210 2902 nioncm,
226 2847 282 2910 qua
298 2829 415 2908 frugum
431 2827 460 2889 in
478 2837 570 2890 terrae
585 2829 653 2892 sinu
667 2827 904 2891 airsconditmum
925 2847 1089 2910 rursusque
1104 2830 1133 2891 in
1148 2830 1244 2892 iucem

79 2931 287 3013 prodeuntium
308 2930 386 2993 vices
406 2930 555 2992 moderari
574 2930 751 3011 Proserpina
771 2931 959 3006 credebatur,
984 2932 1068 2994 cuius
1093 2932 1244 3014 opinionis

79 3034 191 3096 nullum
206 3033 284 3114 apud
300 3032 462 3095 Homerum
482 3032 635 3112 vestigium
651 3053 731 3107 esse,
751 3033 802 3095 scd
822 3034 880 3097 buo
898 3052 992 3097 unum
1013 3035 1051 3097 de
1065 3034 1244 3116 Proserpina

78 3132 247 3216 praedicari,
264 3153 330 3195 esse
344 3153 409 3196 eam
425 3134 585 3196 inscromm
602 3136 741 3215 reginam,
757 3136 933 3199 horrendam
949 3136 1120 3199 bominibus
1136 3147 1167 3199 et
1181 3138 1244 3198 ior·

78 3234 253 3298 midabilem.
284 3235 341 3297 Sed
358 3236 506 3299 iatendum
521 3246 690 3312 esttamen,
710 3238 849 3300 incertam
870 3248 899 3300 et
919 3239 1059 3301 lubricam
1080 3258 1147 3301 esse
1168 3240 1245 3302 banc

78 3339 319 3421 disputationem.
350 3337 422 3400 Ham
444 3338 530 3401 sicuti
551 3340 629 3420 aprud
652 3340 832 3421 posteriores
847 3340 1056 3423 Proserpinam
1072 3341 1146 3404 duas
1162 3341 1245 3424 quasi

78 3462 221 3523 personas
241 3441 387 3505 sustinere
402 3441 548 3518 ridemus,
568 3443 730 3506 interorum
748 3443 864 3525 reginae
884 3454 914 3506 ct
934 3446 1050 3525 imgum
1072 3444 1245 3509 obeuntium

78 3557 107 3609 et
121 3545 340 3610 renascentium
361 3545 578 3621 moderatricis,
600 3567 695 3630 neque
714 3547 831 3612 didicile
846 3557 892 3610 est
906 3549 942 3611 ad
958 3548 1176 3630 explicandum,
1197 3549 1247 3632 qui

80 3649 141 3714 tieri
156 3651 294 3731 potuerit,
311 3662 351 3724 ut,
369 3650 394 3713 si
410 3650 467 3714 boe
480 3653 603 3715 alterum
619 3654 656 3716 ab
673 3652 755 3717 initio
772 3652 925 3734 proprium
942 3672 1051 3715 munus
1067 3653 1178 3730 habuit,
1193 3654 1247 3718 abs

80 3774 138 3835 quo
160 3753 273 3817 Cereris
294 3753 349 3816 ntia
371 3754 445 3816 dicta
466 3764 527 3828 est,
547 3767 650 3837 postea
670 3757 755 3819 etiam
778 3774 901 3836 regnare
921 3757 952 3819 in
972 3767 1066 3819 terrae
1085 3756 1153 3820 sinu
1169 3759 1247 3842 aprud

67 3857 192 3920 ‘inferos
212 3856 395 3930 crederetur,
420 3856 458 3919 ita
478 3842 537 3919 hoe
562 3855 659 3939 ipsum
685 3859 742 3921 iam
767 3867 835 3921 ante
854 3860 1016 3924 Homerum
1037 3861 1145 3923 iactum
1170 3881 1247 3939 esse,

81 3960 196 4024 etiamsi
208 3960 404 4024 demonstrari
417 3961 527 4042 nequit,
542 3979 603 4024 non
619 3971 717 4025 tamen
729 3981 854 4045 prorsus
866 3964 1033 4027 incredibile
1047 3963 1140 4027 rideri
1150 3965 1247 4030 debet.
1268 3983 1302 4033 ²5

82 4118 329 4132 tt--u——o
339 4117 379 4128 u·-

150 4201 192 4265 tu)
205 4201 242 4253 Do
256 4202 279 4252 b.
294 4202 310 4252 Ι.
327 4201 360 4253 ci.
373 4201 485 4254 Niteselr.
498 4209 557 4254 tom.
570 4201 588 4253 H
601 4218 625 4271 p.
637 4202 685 4253 ¹55
698 4212 725 4255 et
737 4203 876 4259 Hreteoer.
889 4207 921 4258 de
932 4205 992 4260 iore
1004 4207 1106 4263 Homeri
1119 4226 1143 4280 p.
1153 4210 1195 4263 ib.

151 4288 192 4351 77)
205 4287 244 4339 Ct'.
257 4288 334 4340 seboi.
344 4287 376 4339 V.
388 4289 418 4339 ed
431 4288 458 4340 tt
471 4286 541 4351 xiv,
556 4286 603 4339 tes
615 4296 643 4340 et
653 4288 680 4340 Β.
694 4287 723 4360 L
737 4289 769 4342 V.
781 4292 814 4343 ed
826 4291 884 4344 dib.
908 4292 1025 4346 Bustntb.
1038 4311 1063 4365 p.
1072 4295 1131 4362 stu,
1144 4294 1186 4349 ³¹1.

153 4372 194 4437 78)
209 4372 329 4426 Demeter
340 4374 389 4425 und
402 4373 562 4442 Persephone
574 4373 623 4442 pti
634 4382 662 4426 et
673 4390 697 4444 p.
711 4375 742 4427 H)
754 4393 808 4447 sqq.
