2962 4808
775 330 817 395 20

216 528 343 594 tument,
362 518 393 581 lr.
409 537 436 580 e.
457 536 532 600 quae
546 517 626 582 lllrea
642 520 741 598 luerit,
761 523 900 596 eandem,
918 531 989 604 post
1002 522 1079 585 loris
1093 530 1226 605 partum,
1246 519 1382 584 Cererem

217 622 320 684 laetam
335 627 419 685 esse⁸
429 624 469 699 2).
500 623 594 686 Porro
605 623 778 687 Tlremitlem
792 643 909 707 qnoque
920 624 997 687 loris
1012 624 1167 706 coniugem
1183 624 1292 688 clietam
1307 642 1383 697 esse,

216 725 338 807 eiusque
353 723 448 787 lloras
464 723 552 799 lilius,
568 745 602 788 ex
622 726 752 809 (puellam
768 727 864 790 Procli
880 727 1064 803 testimonio,
1084 727 1218 810 quannis
1233 746 1295 791 uon
1311 726 1383 790 satis

216 827 341 903 diserto,
356 827 461 891 coniici
475 835 596 909 potest*
606 834 647 907 ³).
677 830 822 895 Disertius
838 830 1040 894 testinnonium
1055 841 1100 894 est
1114 832 1151 894 tle
1164 832 1285 906 Latona,
1300 830 1384 894 cuius

217 931 295 994 lilius
310 932 429 1013 Apollo,
449 933 506 995 irlia
525 942 623 995 autem
639 933 746 997 lleeate
765 954 830 997 esse
850 934 970 1008 elicitur,
991 953 1052 998 non
1069 935 1183 998 lirersa
1199 935 1244 998 illa
1260 953 1277 997 a
1292 933 1384 996 Diana

216 1044 246 1096 et
266 1033 515 1116 Proserpina⁴⁸).
545 1036 631 1112 Quotl
652 1055 743 1118 quum
764 1036 959 1119 Proserpinae
979 1037 1067 1101 etiam
1087 1035 1175 1100 Ceres
1194 1045 1289 1100 mater
1308 1036 1384 1098 clieta

217 1137 265 1212 sit,
276 1156 364 1219 quam
376 1137 499 1201 eantlrm
511 1156 579 1201 cum
592 1138 671 1203 illaea
682 1139 810 1203 habitam
822 1160 890 1203 esse
901 1139 1038 1215 vidimus,
1049 1139 1250 1221 consequitur,
1261 1138 1384 1212 illream,

217 1240 364 1317 Cererem,
379 1241 521 1305 Latonam
538 1241 628 1306 trinus
643 1263 710 1307 esse
724 1244 807 1327 quasi
823 1262 966 1327 personas
978 1243 1110 1307 numinis
1122 1243 1219 1307 unius.
1247 1242 1386 1305 Similiter

218 1344 256 1406 tle
268 1342 455 1427 Proserpina,
471 1345 691 1421 lircate‚1liana
707 1349 895 1412 statuendum
911 1356 971 1411 est:
987 1366 1056 1411 nam
1072 1347 1125 1411 iras
1137 1366 1265 1430 queque,
1280 1366 1386 1428 quam·

219 1447 264 1511 ris
283 1448 514 1531 distinguantur,
540 1459 638 1514 tamen
658 1451 745 1515 etiam
765 1471 820 1535 pro
842 1470 898 1516 una
919 1451 1033 1515 liabitas
1054 1471 1121 1515 esse
1141 1459 1266 1514 constat.
1302 1451 1387 1514 Patet

220 1559 318 1616 autem
342 1553 415 1617 lraec
438 1555 511 1617 ratio
535 1553 623 1618 etiam
647 1555 773 1638 lougius.
809 1556 923 1638 Nenrpe
949 1556 1069 1639 Orplrici
1096 1555 1225 1618 diuinam
1252 1567 1387 1618 naturam

221 1655 446 1738 lmutlrpuaquam
468 1656 588 1740 paribus
608 1670 695 1741 atque
715 1660 876 1723 humanam
894 1659 1008 1741 legilrus
1028 1659 1197 1723 adstrictam
1220 1659 1388 1742 linilrusque

221 1758 472 1843 circumscriptam
487 1781 555 1825 esse
569 1762 713 1837 uolebant,
727 1763 780 1826 secl
795 1782 862 1826 esse
877 1762 967 1826 unius
981 1772 1101 1825 naturae
1118 1764 1229 1825 termas
1246 1762 1386 1845 multipli-

223 1883 289 1937 ces,
308 1864 468 1946 plorasque
487 1865 575 1927 unius
599 1863 731 1928 numinis
751 1884 911 1948 personas,
935 1884 1059 1945 quarum
1076 1883 1166 1946 quum
1183 1883 1235 1927 sua
1256 1885 1388 1947 quaeque

223 1965 324 2029 munia
342 1984 471 2047 suasque.
491 1966 623 2030 actiones
642 1967 775 2043 liaberet,
794 1977 874 2030 esset
888 1976 986 2030 tamen
1003 1967 1137 2031 omnium
1154 1967 1184 2029 in
1200 1966 1388 2029 multitudiue

224 2066 311 2131 etiam
330 2067 442 2131 unitas:
469 2069 635 2132 cuiusmodi
656 2070 794 2150 nupsteria
815 2087 876 2131 non
896 2069 933 2131 als
953 2069 1091 2151 Orplricis
1113 2070 1209 2131 solum
1232 2068 1305 2131 tratli
1324 2069 1390 2149 quis

225 2166 340 2232 nescit?
355 2204 397 2216 —
412 2171 526 2233 Coniux
547 2180 647 2234 autem
665 2170 725 2233 lori
746 2171 833 2233 etiam
848 2171 942 2233 Ilione.
959 2172 1024 2234 (lata
1040 2181 1100 2246 est,
1120 2190 1178 2234 una
1193 2190 1229 2232 ex
1244 2169 1389 2232 Titanicli·

224 2268 291 2345 ltus,
307 2272 386 2334 umle
401 2271 545 2336 l'enerem
561 2273 700 2356 suscepit,
715 2272 966 2356 quemadmodum
983 2282 1029 2335 est
1041 2273 1119 2355 aputl
1135 2274 1307 2335 liemarum.
1328 2272 1386 2334 Sml

223 2371 312 2436 etiam
332 2393 399 2436 cum
415 2373 546 2438 llesioalo
562 2375 683 2456 Orplrici
702 2386 933 2452 consenserunt,
953 2375 1096 2439 Venerem
1117 2375 1174 2438 iam
1190 2385 1274 2438 antea
1290 2382 1388 2438 natam

224 2475 315 2539 luisse
330 2485 492 2540 statuentes
506 2498 542 2540 ex
556 2477 635 2541 Coeli
650 2480 768 2543 castrati
783 2478 897 2542 semine
912 2479 942 2542 in
958 2497 1038 2542 nrare
1053 2479 1161 2541 olluso:
1182 2488 1270 2560 atque
1284 2478 1320 2540 acl
1336 2476 1388 2540 ali·

224 2598 312 2660 apuam
329 2578 417 2642 liuius
433 2579 632 2661 generationis
647 2581 870 2646 similitudinem
887 2582 974 2646 etiam
992 2581 1111 2645 alteram
1128 2581 1220 2657 illam,
1239 2583 1323 2644 carius
1338 2579 1389 2643 Di·

224 2702 282 2747 une
293 2701 420 2747 consors
432 2683 494 2758 luit,
511 2696 760 2766 consprosuemnt:
777 2687 852 2750 lrane
868 2686 948 2749 enim
959 2687 1147 2768 amplexurus
1165 2685 1274 2768 Iupiter
1288 2700 1390 2747 senten

224 2786 254 2850 in
273 2806 355 2850 mare
374 2786 571 2865 enuntiem).
600 2788 759 2851 llinerram
780 2799 878 2852 autem
898 2789 945 2852 ille
965 2788 1065 2852 iticlem
1087 2798 1119 2851 ut
1133 2789 1211 2871 aputl
1227 2787 1390 2851 llesiotlum

224 2908 262 2953 ex
277 2890 372 2973 capite
386 2907 442 2952 suo
458 2888 550 2952 edidit
560 2896 572 2934 ⁴
582 2894 626 2967 ῦ)ι
650 2892 687 2953 ale
702 2902 804 2965 matre,
819 2893 934 2968 Metine,
948 2901 1016 2956 ante
1031 2901 1149 2974 partum
1164 2892 1304 2974 absorpta
1318 2888 1392 2954 nilril

224 3013 260 3056 ex
275 2992 412 3076 Orplricis
427 3001 624 3055 memoratur:
649 2993 719 3055 nillil
735 3002 833 3057 tamm
849 2995 967 3059 obstare
982 2995 1124 3068 arbitror,
1142 2995 1301 3077 quominus
1316 2994 1394 3056 hane

225 3115 343 3178 quoque
358 3095 486 3159 tabulam
502 3103 651 3177 receptam
667 3115 733 3158 esse
744 3098 901 3160 erelanms
915 3098 1003 3161 etiam
1020 3098 1050 3161 in
1066 3098 1112 3160 illa
1125 3097 1315 3179 Tlreogoniae
1331 3098 1393 3158 lor·

226 3218 289 3273 ma,
311 3219 386 3282 «puae
410 3198 564 3273 insuetis,
590 3197 691 3279 quiet
716 3198 780 3280 ipse
800 3199 885 3263 lletis
910 3209 986 3275 erat,
1010 3200 1163 3282 cataposin
1183 3206 1393 3282 proposuerat:

228 3302 324 3383 potuit
343 3301 422 3364 enim
441 3302 485 3364 rel
510 3301 553 3364 sic
569 3300 655 3363 etiam
683 3300 782 3364 iunior
807 3303 952 3383 quaedam
976 3301 1062 3366 listis
1088 3301 1205 3376 inclusi,
1231 3311 1261 3365 et
1285 3321 1302 3365 a
1327 3300 1394 3363 lore

229 3403 341 3468 ludius
353 3404 441 3468 etlam
453 3422 542 3486 quam
558 3403 631 3467 alter
645 3403 691 3467 ille
705 3403 874 3468 absorberi*
885 3408 924 3483 ²).
935 3438 980 3452 -
990 3404 1034 3467 Ex
1045 3403 1122 3467 louis
1139 3403 1263 3478 filiabus,
1279 3412 1395 3485 praeter

300 3742 342 3807 42)
360 3740 480 3796 Proelia
493 3742 561 3795 Crat.
575 3757 598 3809 p.
608 3739 641 3792 85
653 3747 681 3792 et
691 3739 734 3792 00.
757 3738 868 3792 Lobeclt.
881 3755 904 3807 p.
915 3739 974 3791 007.

300 3829 343 3894 40)
362 3828 481 3882 Proelia
493 3828 588 3881 rinae.
601 3843 625 3896 p.
634 3825 693 3879 205.
717 3824 828 3878 tossen.
841 3840 864 3892 p.
874 3822 932 3876 000.

302 3915 344 3978 44)
363 3913 445 3967 Proel.
458 3915 483 3966 lu
494 3914 588 3967 Tirone.
602 3930 625 3981 p.
635 3912 694 3964 4ῑο.
707 3938 740 3951 -
754 3911 789 3963 ld.
802 3912 827 3963 iu
839 3912 908 3964 Crat„
921 3928 945 3981 p.
958 3910 1015 3963 112.
1039 3907 1148 3961 Lobeck.
1161 3923 1184 3976 p.
1196 3904 1305 3972 ⁵⁴³·tt·

303 4000 346 4064 lli)
364 3998 446 4052 Procl.
459 3999 484 4051 ia
496 4000 565 4050 Crat.
578 4015 602 4067 p.
614 3998 670 4050 illi.
695 3996 806 4050 Lobeek.
819 4013 843 4066 p.
856 3996 915 4049 042.

303 4086 345 4148 lli
364 4083 446 4135 Preel.
460 4084 485 4135 ia
497 4082 592 4135 Titane.
605 4098 627 4150 p.
641 4083 698 4134 tta.
722 4081 830 4134 loisel.
844 4098 868 4151 p.
879 4082 939 4135 440.

305 4169 347 4231 tu
365 4168 405 4220 lix
417 4167 500 4219 Procli
517 4166 602 4219 serbis
615 4183 638 4234 p.
651 4167 698 4218 420
710 4167 796 4232 collisi
808 4173 906 4235 potest,
924 4165 1085 4230 catellorum,
1099 4163 1135 4216 ita
1150 4160 1252 4214 liuticis
1269 4175 1359 4211 numen
1372 4159 1397 4211 iu

238 4252 323 4322 plures
339 4267 460 4320 pemeus
476 4251 634 4319 dispertitum
651 4249 742 4302 inisse:
764 4267 851 4317 uuum,
873 4251 941 4303 illaru
957 4249 1140 4319 primigeniam,
1162 4246 1270 4297 alteram
1287 4259 1320 4296 ex
1337 4242 1397 4295 lore

238 4344 391 4402 mnata-3
412 4344 542 4403 utrunque
557 4344 587 4388 ut
599 4336 699 4387 sossius
717 4335 752 4387 its
769 4343 949 4390 utonem
965 4335 1118 4402 misnens
1133 4331 1251 4385 labium.
1274 4328 1318 4382 sta
1334 4329 1399 4382 suin
