2962 4808
544 416 747 515 ..ee-

63 606 160 672 nullos
175 605 266 669 luisse
280 604 488 679 concedamus,
503 605 591 688 rulgo
607 615 704 670 maren
716 614 745 668 et
758 623 774 668 a
787 601 882 687 poetis
898 621 959 667 non
969 603 1052 670 alitor
1064 615 1226 671 traemren·

63 722 120 787 tur,
134 727 222 793 quam
239 717 367 773 vetustas
382 718 432 774 aut
446 709 591 775 maiorum
608 719 779 774 nostrornm
795 707 831 771 dc
843 706 988 789 sigefrido
1004 729 1039 774 ae
1049 709 1227 795 Nilelungis,

63 824 113 880 aut
124 814 269 878 ὓιΙῑιιιιιιι
289 813 325 878 de
340 816 448 880 Acturo
469 817 590 898 eiusque
604 812 751 898 eqnitibns
771 811 882 877 tabulas
897 833 913 878 a
933 815 1029 897 poetis
1044 825 1094 881 aot
1107 826 1226 881 nostra·

64 919 143 984 tibus
158 928 209 985 aut
222 919 459 985 llornanensibus
475 929 611 985 tractatas
626 942 692 984 esse
706 917 848 982 videmus.
874 918 949 983 lline
963 921 1004 997 tlt,
1018 930 1051 985 ut
1065 920 1227 988 lalrularum

63 1025 192 1098 inarum,
213 1023 313 1106 quales
332 1043 412 1089 nunc
426 1046 442 1090 a
457 1025 553 1109 poetis
569 1025 645 1089 varie
663 1032 819 1087 exornatas
837 1032 924 1107 atque
939 1023 1061 1089 diffictas
1076 1026 1228 1105 babemus,

63 1139 139 1194 certa
155 1149 189 1193 ac
203 1128 443 1193 demonstrabilis
459 1129 663 1213 interpretatio
679 1131 737 1192 lere
752 1126 830 1191 nulla
845 1127 898 1202 sit,
914 1146 948 1191 ac
963 1128 1109 1210 praeclare
1124 1130 1227 1196 nobis-

63 1253 130 1298 cum
156 1241 253 1297 actum
282 1253 348 1297 esse
376 1233 520 1310 rideatur,
549 1232 718 1317 siquando
745 1231 839 1313 dique
864 1232 977 1316 priscae
1007 1233 1227 1314 significationis

64 1336 168 1403 indicia
183 1337 266 1420 quasi
284 1357 337 1421 per
351 1339 485 1402 nebulam
506 1338 651 1421 dispicere
666 1336 793 1413 licuerit,
813 1336 892 1419 quod
913 1345 1010 1400 tamen
1030 1336 1129 1421 ipsum
1148 1339 1228 1403 baud

62 1441 152 1505 nimis
167 1461 254 1523 saepe
269 1441 413 1522 contingit
425 1448 432 1486 ¹
445 1444 484 1518 ⁴).
514 1443 609 1524 arque
624 1441 741 1504 Graecis
757 1460 874 1524 quoque
889 1440 971 1524 ipsis,
986 1451 1178 1526 posteaquam
1193 1444 1230 1509 de

63 1556 192 1609 ceterum
213 1544 375 1609 latrularum
398 1564 518 1610 suarum
535 1545 800 1625 significationibus
816 1564 956 1627 quaerere
972 1557 1147 1629 coeperant,
1166 1567 1228 1611 rem

63 1668 125 1714 non
136 1649 249 1724 melius,
264 1669 351 1732 quam
367 1649 464 1724 nobis,
480 1649 573 1712 immo
586 1649 733 1731 aliquanto
745 1651 833 1713 etiarn
845 1650 928 1732 peius
941 1649 1067 1714 cessisse
1083 1652 1229 1734 interpre-

64 1763 192 1818 tamenta
210 1772 313 1818 eorum
334 1754 495 1839 ostendunt
515 1771 576 1818 non
597 1753 687 1817 modo
709 1753 836 1817 marinae
856 1753 978 1818 interae
998 1755 1156 1837 pugnantia
1178 1756 1228 1820 sed

64 1876 189 1941 prorsus
203 1875 417 1941 nonnunquam
429 1867 480 1922 aut
494 1857 655 1931 arbitraria,
670 1869 721 1922 aut
735 1858 854 1922 ridierda
867 1868 954 1940 atquc
964 1858 1106 1936 absurdo,
1122 1858 1230 1943 quippe
1313 1931 1315 1934 Α

65 1980 156 2044 quum
176 1962 313 2044 pauciora
334 1963 420 2026 etiam
444 1982 532 2044 quam
552 1961 765 2026 recentioribus
789 1962 997 2044 interpretandi
1023 1963 1155 2027 subsidia
1174 1964 1230 2027 illis

65 2074 184 2149 praesto
200 2076 313 2141 essent,
328 2084 424 2149 neque
438 2066 585 2129 rariomm
602 2065 782 2148 populorum
794 2085 828 2130 ac
842 2075 1010 2150 temporum
1027 2066 1139 2131 labulas
1154 2066 1232 2131 inter

64 2190 98 2233 se
113 2180 297 2251 comparatas
311 2171 477 2234 exarninare
492 2180 632 2253 possent,
652 2170 683 2232 in
698 2188 757 2253 quo
777 2170 909 2234 examine
923 2189 1137 2253 nonnunquam
1153 2181 1231 2235 certe

64 2272 171 2355 aliquid
190 2282 308 2337 mutuae
328 2274 400 2338 lucis
421 2275 457 2337 ab
476 2273 541 2337 aliis
561 2275 591 2336 in
610 2273 680 2337 alios
697 2274 847 2337 redundat
878 2275 1013 2338 Ceterum
1029 2275 1131 2340 Graeci
1147 2275 1231 2338 labu-

64 2377 158 2441 larum
172 2377 334 2458 scriptores
349 2378 494 2461 plerique,
509 2378 590 2441 nullo
606 2376 817 2460 interpretandi
832 2377 946 2453 studio,
961 2378 1020 2442 hoo
1034 2387 1146 2443 tanturn
1161 2399 1231 2460 cge-

66 2490 146 2557 runt,
160 2490 203 2558 ut,
220 2500 295 2563 quae
310 2501 326 2544 a
342 2481 491 2563 prioribus
507 2481 612 2546 tradita
627 2490 813 2564 acceperant,
828 2480 995 2564 colligerent
1008 2493 1133 2566 apteque
1147 2502 1231 2546 com-

65 2594 224 2669 ponerent3
246 2605 282 2648 ex
306 2604 365 2668 quo
389 2605 495 2669 genere
520 2588 638 2649 inierunt
655 2585 742 2650 etiarn
763 2585 908 2649 llesiodea
927 2587 1071 2668 quaedam
1090 2587 1231 2663 carmina,

67 2709 140 2772 quae
160 2700 291 2755 veterum
312 2691 439 2754 bereum
460 2690 568 2774 stirpes
591 2709 696 2772 resque
716 2699 813 2772 gestas
831 2709 918 2771 quam
938 2689 1082 2772 plurimas
1098 2690 1231 2773 comple-

67 2793 231 2870 etebantur,
250 2794 346 2858 Eoeae
366 2803 396 2858 et
416 2794 573 2859 rnuliernm
589 2795 744 2858 heroidum
760 2793 894 2875 catalogi.
924 2792 1024 2875 Neque
1044 2792 1143 2857 minus
1162 2794 1233 2857 lmic
1294 2837 1298 2845 -

67 2898 164 2981 generi
190 2899 278 2962 ctiam
307 2898 464 2980 theogonia
487 2909 589 2962 nostra
606 2898 786 2963 accensenda
808 2907 869 2971 est,
897 2898 981 2961 cuins
1010 2896 1147 2979 scriptori
1174 2897 1233 2960 boc

67 3003 255 3085 propositum
272 3000 335 3076 luit,
351 3011 383 3065 ut
398 3003 521 3065 deorum
537 3010 620 3066 ortus
632 3013 719 3085 atque
735 3000 926 3082 cognationes
942 3009 972 3063 et
986 3000 1100 3082 imperii
1112 3018 1231 3063 succes·

69 3105 169 3169 aiones
190 3105 329 3169 continua
342 3105 425 3193 serie
445 3115 626 3181 contexeret,
647 3125 781 3188 quaeque
800 3105 869 3168 lruic
888 3105 1045 3187 proposito
1060 3123 1231 3166 accommo-

69 3209 133 3273 data
148 3210 303 3286 iudicaret,
317 3209 424 3290 partim
439 3208 475 3271 ab
494 3209 558 3272 aliis
574 3219 720 3284 rrrrrtuata,
740 3207 847 3290 partim
864 3208 900 3271 de
916 3227 972 3271 suo
988 3206 1138 3289 suppleta,
1159 3225 1231 3288 pro-

68 3311 153 3376 babili
178 3314 307 3394 quodam
328 3313 431 3376 ordine
451 3323 651 3395 componeret.
682 3313 711 3376 ls
732 3313 833 3394 igitur,
855 3329 945 3392 quum
965 3308 1052 3372 etiarn
1073 3309 1111 3371 de
1130 3309 1232 3372 bebuis

70 3415 134 3478 istis
149 3416 289 3480 sabulosis
310 3416 419 3498 aliquid
435 3417 592 3480 dicendum
608 3427 700 3491 esset,
721 3434 783 3480 non
804 3413 991 3479 commodius
1012 3411 1041 3473 id
1061 3411 1122 3474 lieri
1143 3431 1233 3493 posse

24 3541 26 3544 ¹
71 3517 218 3594 intellexit,
237 3539 326 3602 quam
347 3519 373 3582 si
393 3521 515 3600 stirpem
535 3521 683 3602 quandam
705 3529 734 3582 et
754 3517 976 3600 cognationem,
1002 3515 1080 3578 sicut
1097 3513 1231 3588 deorum,

70 3618 114 3682 sic
127 3620 233 3683 borum
250 3640 367 3703 queque
382 3633 585 3685 rurenstrorum
602 3631 796 3704 proponerem
815 3638 964 3701 quumque
979 3627 1112 3680 naturam
1127 3635 1231 3679 eorum

70 3738 131 3782 non
146 3721 305 3785 admodum
323 3723 397 3785 inter
411 3742 445 3786 se
455 3723 629 3787 dissimilem
644 3742 711 3784 esse
727 3730 872 3796 censeret,
892 3739 980 3784 unani
997 3718 1131 3781 omnium
1147 3717 1232 3781 launi-

69 3820 137 3884 liam
153 3823 219 3886 lecit
232 3824 268 3886 ab
282 3825 351 3888 unis
365 3824 616 3907 progenitoribus,
631 3826 785 3906 Phorcync
798 3833 829 3887 et
842 3824 924 3898 Ceto,
940 3819 1110 3885 oriundam:
1130 3836 1187 3900 qua
1202 3817 1233 3881 in

76 4006 366 4020 ι---α--ι-ι-

143 4106 182 4168 tt)
195 4106 266 4159 cont.
278 4125 341 4177 quae
354 4109 378 4160 ia
388 4110 491 4162 eandem
511 4111 661 4163 sententian
678 4110 805 4178 dispoutc
822 4115 882 4160 suot
896 4123 911 4159 a
924 4105 980 4158 viro
993 4101 1189 4173 prudentissimo
1207 4103 1232 4154 in

72 4188 149 4242 lcboii
165 4193 255 4244 Aooal.
272 4193 358 4260 philol.
375 4201 403 4245 et
424 4196 495 4262 pced.
512 4204 571 4247 torri.
590 4193 662 4248 Xb'll
679 4211 704 4262 p.
714 4193 774 4245 350.
804 4192 957 4261 obloquitur
977 4189 1075 4259 quidem
1093 4186 1234 4241 Uscboldus

72 4273 203 4339 (Ver-bulla
215 4292 263 4327 aur
271 4276 372 4329 Griecb.
385 4275 476 4331 Gescb.
490 4297 514 4331 ιι.
526 4279 633 4350 ttpttot.
647 4277 657 4330 l
669 4295 694 4348 p.
706 4278 773 4343 ttt),
785 4278 831 4330 rad
843 4278 916 4330 buius
928 4275 968 4328 bic
981 4274 1035 4343 lpse
1047 4273 1120 4338 liber,
1132 4273 1157 4324 ia
1170 4289 1233 4340 quo·

72 4360 211 4414 labulsrcn
223 4361 352 4415 historiam
363 4379 410 4414 soe
421 4365 494 4416 nodo
506 4365 669 4434 interpretari
681 4371 797 4430 concurr,
806 4365 956 4417 documento
968 4367 1017 4426 est,
1030 4373 1102 4428 quau
1114 4357 1159 4410 illu
1171 4373 1233 4411 vere

70 4446 139 4501 ttetr
150 4447 212 4500 sint.
