2962 4808
609 440 651 506 23

145 627 250 691 Adbuc
268 628 297 692 id
316 645 410 693 unum
428 629 557 712 egimus,
579 638 613 693 ut
631 629 752 694 Hecates
772 649 946 713 personam,
967 633 1083 715 qualem
1100 632 1222 698 Hesiodi

61 730 217 811 ureogonia
237 732 390 809 describit,
411 733 640 810 illustraremus,
660 735 739 798 nulla
759 753 863 798 eornm
885 734 997 799 ratione
1016 736 1128 813 habita,
1148 756 1223 818 quac

63 834 99 896 de
117 832 220 897 eadem
238 834 291 897 dea
310 835 347 897 ab
367 836 430 900 aliis
451 838 554 901 tradita
574 846 660 912 sunt,
686 856 812 918 qrrorum
836 838 962 919 plurima
986 848 1138 921 tantopere
1161 856 1223 902 non

61 937 153 1000 modo
168 956 235 999 eum
251 937 398 1012 llesiorlo,
414 940 466 1003 sed
481 941 557 1004 inter
576 960 609 1003 se
624 940 687 1022 ipsa
703 938 885 1022 discrepant,
903 950 935 1003 ut
948 941 1008 1003 boc
1021 941 1108 1004 etiam
1123 960 1223 1005 exem·

62 1039 120 1122 plo,
135 1038 211 1104 sicut
225 1040 288 1104 aliis
303 1041 574 1119 innumerabilibus,
590 1043 718 1126 patelieri
734 1043 842 1125 possit,
857 1063 944 1125 quam
961 1063 1048 1125 uagae
1064 1046 1124 1106 lere
1138 1053 1225 1127 atque

62 1142 210 1208 instabiles
226 1154 356 1210 sclerum
377 1148 412 1210 ele
429 1148 485 1211 diis
507 1147 569 1211 suis
590 1147 746 1229 opiniones
768 1149 887 1224 luerint,
907 1156 1107 1231 quantumque
1128 1147 1158 1210 in
1180 1146 1225 1235 eis

61 1248 105 1311 rel
124 1248 257 1313 locorum
277 1270 312 1313 ac
330 1260 497 1334 temporum
513 1252 678 1315 diversitate
698 1252 854 1327 variatum,
874 1251 918 1314 rel
937 1263 1089 1334 poetarum
1109 1250 1226 1314 lieentia

63 1360 246 1428 tonsoratum,
260 1355 301 1416 vel
314 1353 568 1436 interpretantium
581 1355 685 1419 studiis
697 1354 839 1418 sliflictum
856 1356 903 1418 sit
930 1355 1029 1437 Neque
1039 1354 1135 1437 placet
1146 1370 1227 1417 nunc

62 1456 150 1519 nobis
165 1466 215 1520 aut
229 1456 295 1520 licet
314 1457 360 1521 illa
374 1458 473 1522 omnia
495 1459 663 1539 singulatim
685 1459 836 1542 persegnia
855 1460 909 1522 secl
929 1478 1045 1521 sranrma
1065 1467 1162 1520 temen
1177 1476 1225 1520 re-

63 1576 129 1621 rum
142 1559 236 1640 capita
251 1560 406 1624 delibanda
420 1571 500 1636 sunt,
516 1563 540 1624 si
557 1564 633 1625 lorte
646 1581 712 1626 reru
728 1581 762 1625 ac
775 1562 901 1643 genuina
913 1562 1036 1624 llecates
1052 1560 1225 1643 signillcatio

64 1662 171 1725 certius
186 1663 338 1745 cognosci,
349 1673 378 1726 et
392 1673 538 1746 quatenus
548 1684 612 1727 earn
629 1664 804 1746 theogoniae
819 1665 1005 1746 conspositor
1020 1662 1226 1737 immutaverit,

64 1761 182 1845 intelligi
199 1767 304 1846 possit.
805 1823 807 1827 ,

151 1867 210 1931 lam
226 1868 355 1950 primum
371 1868 444 1932 satis
459 1878 588 1942 constat,
609 1868 735 1932 llecsten
749 1887 803 1951 per
817 1888 937 1932 omnem
952 1867 1101 1932 Graeciam
1122 1885 1227 1948 magna

67 1988 134 2032 curn
154 1970 293 2050 religione
314 1971 430 2052 publius
449 1971 641 2053 privatimque
656 1972 761 2034 cultam
777 1991 851 2034 esse.
881 1971 954 2034 Nam
971 1979 1000 2032 et
1013 1988 1079 2032 arae
1095 1970 1122 2032 ci
1141 1978 1228 2051 atque

66 2072 186 2135 delubra
201 2073 312 2154 passim
327 2082 496 2137 consecrata
508 2076 667 2149 eront²⁸),
681 2081 710 2136 et
725 2092 780 2154 pro
797 2074 908 2136 loribus
919 2073 1033 2136 aedium
1049 2072 1227 2155 privatarum

61 2162 212 2236 Ἑκαταῖα
226 2175 337 2256 posita,
358 2176 387 2237 b.
399 2195 424 2237 e.
439 2175 585 2238 aerlicrrlae
600 2193 668 2237 cum
683 2174 755 2237 eleae
770 2176 907 2257 imagine,
929 2195 1016 2256 quarn
1031 2184 1061 2237 et
1075 2175 1228 2238 introeun-

67 2285 110 2337 tes
124 2285 173 2337 aul
193 2285 332 2338 exeuntes
352 2276 483 2339 venerari
503 2276 638 2338 homines
659 2277 803 2357 religiosi,
823 2287 853 2339 et
871 2277 970 2339 unsina
990 2295 1108 2358 quoque
1127 2295 1227 2339 rerum

65 2377 259 2458 gerendarum
280 2378 316 2441 ab
330 2398 362 2441 ea
379 2389 477 2461 petere
497 2378 638 2451 solerent,
658 2377 686 2440 id
703 2380 783 2459 «pund
799 2378 961 2459 colligimus
974 2397 1009 2440 ex
1024 2378 1228 2460 Aristophanis

50 2471 177 2552 'verbim
198 2480 320 2561 Lysistr.
336 2500 361 2541 r.
375 2483 429 2553 ur,
449 2471 469 2565 ἡ
493 2476 570 2562 γοῦν
594 2473 775 2563 Θεαγένους
798 2472 886 2565 δεῦρ’
909 2473 1009 2544 ἰοῦσα
1030 2471 1230 2545 &oenotrios
1279 2516 1289 2529 ·

65 2572 211 2667 ἅνηρετο.
243 2582 316 2644 b'anr
329 2582 371 2645 sie
386 2583 466 2644 bunc
481 2600 599 2644 sersarm
610 2582 762 2645 verissime
776 2583 941 2646 emendarit
952 2582 1099 2644 Bentleius
1113 2581 1150 2645 ael
1162 2583 1229 2646 i'al·
1271 2645 1272 2648 ,

65 2683 181 2745 limacbi
199 2686 301 2764 lragm.
313 2684 390 2755 ²27,
408 2684 515 2746 Snirlae
528 2685 594 2746 loco
609 2686 713 2758 frctus,
728 2686 806 2765 apud
818 2704 904 2765 quern
917 2684 1034 2763 legitur:
1051 2675 1229 2763 Ἑκαταῖον,

61 2774 200 2870 Ἑκάτης
208 2775 350 2868 ἄγαλμα.
368 2781 425 2846 καὶ
443 2778 612 2868 παροιμία
625 2777 1067 2868 ΘεαγένουςἝκατεῖον,
1083 2771 1229 2848 obimus·

66 2880 192 2949 θάνετο
201 2887 370 2965 πανταχοῦ
379 2878 500 2948 ἀπιών.
517 2888 601 2967 Apud
613 2889 738 2949 eunrlem
750 2896 868 2968 poetam
877 2887 906 2948 in
917 2887 1018 2948 eadem
1029 2885 1123 2947 sabula
1133 2886 1229 2948 suun

65 2988 151 3050 etiam
162 2980 321 3068 recorrecti
329 2989 472 3068 qrraerlam
487 2997 716 3050 memorantura
730 2987 900 3049 mulieribus
912 2986 1036 3049 liceatne
1046 2987 1108 3049 lieri
1118 2985 1230 3061 solitae,

67 3090 285 3170 qnacridenlur
298 3089 384 3152 leriae
393 3090 520 3170 prismae
533 3091 624 3152 luisse
637 3090 666 3152 in
674 3089 737 3151 eius
749 3088 972 3152 ‹leaolronorem
987 3088 1132 3151 eurnlusu
1145 3098 1231 3171 atque

67 3191 206 3254 hilaritate
219 3192 385 3254 celebratae.
403 3193 437 3254 lu
448 3191 597 3274 probabile
613 3206 668 3266 est,
680 3192 757 3273 apud
767 3191 937 3252 nruliebrem
952 3209 1054 3253 sexurn
1065 3193 1189 3254 llccaten
1201 3191 1230 3254 in

67 3285 1230 3378 praecipuobonorebabilamessepropterea,quodetcorporpo'nogessew)

68 3395 97 3457 1ι.
110 3416 134 3457 c.
146 3405 281 3457 natorum
291 3395 408 3457 tutelam
420 3414 530 3475 gerere,
541 3407 569 3457 el
577 3397 606 3458 in
616 3405 702 3476 partu
713 3415 832 3478 quoque
842 3393 985 3457 matribus
995 3395 1097 3457 adesse
1106 3392 1232 3476 putaba-

68 3506 125 3559 tur.
140 3497 448 3578 CcrteGenetpllirlem,
458 3497 680 3578 parturientium
691 3499 784 3572 deanr,
797 3497 822 3559 si
834 3497 932 3559 minus
943 3498 1064 3559 eandem
1075 3507 1161 3579 aupue
1172 3498 1232 3559 lle·

69 3609 161 3673 caten,
169 3607 295 3661 attamen
304 3599 368 3661 eius
376 3609 544 3661 consortem
555 3600 697 3662 creditam
705 3620 771 3663 esse
779 3618 931 3663 sacrorum
941 3598 1099 3662 similitudo
1108 3617 1232 3680 persua·

70 3701 130 3763 det:
143 3702 256 3782 utrirpro
267 3701 345 3764 enim
357 3720 443 3764 canes
454 3701 752 3781 immolationum).
774 3701 959 3784 lidpublieas
970 3710 1067 3785 auum
1077 3701 1232 3783 religiones

74 3838 205 3849 -ου-
219 3842 371 3852 .....,-—

140 3905 181 3967 llll
193 3906 281 3959 Cicero
298 3909 322 3959 ι1.
335 3908 366 3960 N.
379 3908 408 3960 n.
424 3908 468 3972 ill,
488 3910 532 3974 lb,
550 3909 594 3960 46.
621 3910 693 3977 Apud
710 3909 890 3978 Porphyrium,
907 3909 939 3960 de
955 3908 1021 3960 ubst.
1034 3906 1069 3973 ll,
1088 3906 1119 3958 16
1136 3923 1160 3975 p.
1177 3905 1232 3975 1211,

72 3988 207 4042 Clearchus
225 3993 317 4058 Arcas,
334 3996 405 4045 bomo
421 3995 641 4061 religiosissimus,
659 3996 794 4064 probtetur
810 4011 839 4046 ss
856 3989 926 4046 κατὰ
942 3994 1019 4064 μῆνα
1038 3988 1157 4045 ἕκαστον
1172 3995 1233 4049 ταῖς

73 4078 235 4146 νουμηνίαις
246 4080 404 4148 οτιηανοῦν
414 4081 460 4131 καὶ
472 4075 641 4150 φαιδρύνων
652 4077 702 4133 τὸν
710 4075 818 4151 Ἑρμῆν
828 4079 875 4131 καὶ
888 4074 937 4144 τὴν
945 4071 1069 4143 Ἑκάτην.

141 4159 182 4223 29)
194 4160 250 4212 tto.
260 4163 515 4234 τι·1ο1.ιι11ι·ἱτιορ1.
528 4166 604 4234 vesp.
617 4183 642 4219 ν.
652 4166 711 4219 836.
733 4166 787 4218 linc
799 4167 927 4234 pertinere
940 4165 1016 4215 crerlo
1028 4162 1070 4215 Ps.
1082 4164 1174 4216 ilerorl.
1186 4162 1232 4215 rit.

73 4245 144 4296 lion.
161 4261 184 4296 c.
196 4245 242 4308 tu,
259 4249 290 4298 alo
307 4249 397 4299 Samiis
416 4252 563 4304 mulieribus
584 4252 617 4325 τῇ
634 4247 830 4325 Κουροτρόφῳ
846 4252 871 4303 iu
889 4250 973 4303 triviis
984 4264 1057 4301 sarrs
1072 4247 1231 4302 iacientibus.

74 4329 138 4384 nm
149 4331 210 4382 base
221 4326 415 4402 κουροτρόφος
425 4336 483 4402 quio
495 4336 590 4389 licente
601 4339 644 4402 sit,
658 4339 701 4391 rix
713 4338 822 4391 dubites-i
835 4344 929 4406 potes&

141 4413 183 4482 ³0)
198 4415 305 4485 llespcb.
319 4434 340 4470 s.
353 4435 378 4470 ν.
392 4421 712 4492 ἢν·ιτυ1ι11ς·,γυναιιιι1α
724 4419 805 4489 νεός,
822 4422 1019 4493 πεποιημένου
1030 4421 1080 4474 τοῦ
1092 4414 1233 4491 ὀνόματος
