2962 4808
784 369 825 435 80

702 455 905 471 Ἡ

227 580 293 622 esse
307 578 342 622 ex
358 558 516 621 Plutarcho
533 558 665 640 colligas,
681 560 730 644 arui
746 561 775 624 in
789 561 908 625 Erotieo
924 581 953 645 p.
966 563 1028 625 756
1044 564 1115 626 haee
1128 564 1230 628 habet:
1253 565 1389 648 Παρμε-

226 659 319 752 νίδης
349 658 410 745 μίν
442 655 625 752 deceptrice«
658 658 712 727 τὸν
733 653 868 751 ’Ἑρτοτα
893 661 959 728 τῶν
980 661 1039 752 τῆς
1058 657 1261 755 Ἀφροδίτης
1287 660 1389 753 ἔργων

227 762 462 853 πρεσβύτατον,
485 760 519 830 ἓν
535 763 577 853 τῇ
591 759 795 855 κοσμογονίᾳ
810 762 946 855 γράφων
960 817 978 849 ,,
986 763 1174 854 πρώτιστον
1188 766 1248 853 μὲν
1258 762 1390 855 Ἔρωτα

226 868 316 936 θεῶν
346 863 511 958 μητίσατο
549 865 780 951 παίντωνηῑ).
822 873 953 956 [lenique
983 875 1109 938 loannes
1137 877 1298 951 Stolraeus,
1328 875 1388 939 Ed.

147 1060 149 1066 y
226 977 310 1060 pleps.
327 975 353 1050 Ι,
374 974 414 1037 23
428 994 457 1057 p.
471 973 547 1052 181,
572 975 650 1039 illam
676 977 775 1040 otonis
795 988 896 1041 motus
917 989 946 1041 ct
965 979 1162 1060 generationis
1182 997 1314 1055 eausam,
1332 973 1391 1066 τήν

225 1073 325 1144 τοκέα
351 1072 466 1165 πάσης
491 1073 651 1165 κινήσεως
677 1077 733 1144 καί
758 1076 929 1166 γενέσεως,
952 1083 988 1146 ab
1003 1103 1038 1146 eo
1055 1077 1211 1165 δαίμονα,
1234 1076 1390 1170 κυβερνή-

225 1206 296 1271 την,
328 1179 508 1270 κληροῐνχον
539 1191 613 1264 (scr.
641 1181 851 1272 aed-pdoipov),
886 1179 995 1274 δίκην,
1025 1178 1167 1274 ἀνάγκην
1191 1187 1298 1251 dictam
1324 1207 1390 1251 esse

226 1295 358 1362 testatur,
373 1287 482 1368 qrrileus
498 1287 669 1351 nominibus
684 1291 772 1353 etiam
789 1284 952 1374 πρόνοιαν
962 1291 1070 1354 addere
1084 1310 1247 1374 possumus
1263 1310 1297 1354 ex
1311 1290 1390 1353 Tlre-

226 1393 365 1466 odoreto,
386 1391 562 1474 Tlrerapeut.
575 1393 611 1455 l'l
631 1414 661 1476 p.
683 1393 739 1468 87,
760 1394 798 1456 21
817 1394 896 1476 Spllr.
917 1393 1136 1474 (2116113151),
1156 1395 1240 1458 cuiue
1256 1393 1391 1457 testimo·

225 1495 307 1558 nium
329 1514 436 1558 onrnes
456 1496 567 1571 adlrue,
587 1496 637 1578 apd
658 1498 695 1560 de
709 1498 886 1561 Parnrenide
901 1498 1097 1580 scripserunt,
1116 1496 1254 1561 fefellisse
1268 1497 1390 1561 ridetur.

177 1611 209 1664 ts
229 1600 334 1663 Sedena
352 1599 421 1662 huic
435 1619 542 1662 causae
557 1599 674 1664 metrici
689 1611 718 1663 et
732 1602 870 1682 genetrici
883 1601 1047 1684 'assignavit
1061 1602 1091 1665 iu
1107 1600 1203 1665 medio
1219 1621 1323 1664 eorum
1340 1619 1391 1663 or·

228 1705 320 1776 lriurn,
335 1703 443 1784 quilius
459 1704 604 1767 ruumlum
620 1703 790 1767 universum
807 1705 949 1768 contineri
964 1706 1065 1778 voluit,
1082 1705 1110 1768 id
1126 1705 1206 1786 quod
1222 1705 1310 1768 etiam
1325 1723 1391 1767 rer·

227 1826 279 1869 sus
295 1815 421 1868 testatur
435 1826 470 1868 ex
486 1807 550 1869 eius
566 1807 696 1870 camrine
713 1828 729 1870 a
745 1808 897 1891 Simplicio
914 1818 1062 1882 serratus,
1085 1801 1120 1872 ἐν
1142 1801 1180 1871 δὲ
1201 1803 1292 1892 μέσῳ
1314 1799 1393 1870 τοί-

124 1987 126 1990 ,
226 1931 292 1973 τιον
313 1902 443 1991 δαίμων
464 1897 484 1996 ἢ
508 1903 622 1973 πάντα
636 1908 808 1998 reincoepit:
828 1921 856 1974 ct
877 1911 969 1975 luisse
989 1931 1054 1975 eam
1075 1930 1137 1974 non
1158 1931 1276 1974 caeram
1296 1929 1391 1992 quatr-

227 2016 294 2078 dam
310 2014 369 2076 rim
384 2013 586 2089 necessitatis,
600 2015 653 2078 sed
669 2016 783 2095 plenam
799 2015 922 2079 rationis
937 2025 966 2078 et
982 2016 1109 2091 consilii,
1124 2033 1216 2098 quum
1232 2005 1394 2097 προνοίας

138 2164 140 2168 -
228 2137 337 2182 nemen
358 2119 385 2180 ei
406 2117 532 2180 inditum
554 2127 616 2183 tum
637 2119 758 2183 rerlruur
778 2112 944 2205 μητίσατο
963 2120 1163 2192 demonstrat,
1184 2118 1214 2181 in
1236 2118 1284 2180 illo
1304 2137 1391 2200 quem
1446 2197 1448 2201 y

228 2223 310 2287 Plato
325 2232 353 2285 et
368 2222 542 2286 Plutardrus
558 2223 686 2286 ritarunt
700 2222 853 2286 versiculo.
884 2223 946 2285 lam
961 2241 1051 2304 quum
1068 2221 1242 2303 Cupidinem
1258 2222 1392 2285 omniunt

229 2328 351 2391 deorum
376 2326 505 2408 prienam
526 2345 699 2408 procreasse
719 2327 848 2401 (linatur,
874 2344 994 2389 necesse
1012 2334 1058 2389 ost
1077 2325 1164 2387 etiam
1185 2325 1258 2387 alios
1279 2334 1394 2405 praeter

230 2433 309 2495 laune
328 2432 402 2494 deos
416 2431 452 2493 ab
468 2451 503 2494 ea
518 2442 691 2513 procreatos
707 2451 788 2494 esse:
810 2451 962 2513 quumque
978 2431 1056 2512 apud
1072 2429 1243 2492 Ciceronem
1259 2429 1296 2491 de
1312 2429 1348 2491 N.
1359 2428 1392 2491 D.

230 2537 251 2610 l,
267 2536 364 2612 11,28
376 2535 567 2599 Parmenides
584 2536 836 2621 cupiditatem,
851 2534 996 2607 trellum,
1013 2533 1229 2596 discordiam
1242 2540 1395 2614 ceteraque

230 2641 361 2703 ciusdem
381 2639 498 2719 generis
518 2640 555 2702 ad
573 2639 661 2702 derrrrr
677 2657 814 2702 revocare
829 2637 1032 2720 perhibeatur,
1052 2654 1112 2698 non
1129 2634 1277 2697 immerito
1293 2634 1395 2697 conie-

231 2745 305 2807 oeris
321 2743 455 2826 Cupidini
471 2742 508 2806 alr
524 2742 571 2804 illo
587 2742 750 2805 contrarias
766 2743 909 2823 quasdam
925 2750 1046 2803 naturae
1060 2740 1136 2802 eires
1152 2737 1304 2801 atliunetas
1318 2756 1395 2811 esse,

231 2849 353 2911 deorum
370 2847 507 2930 personis
524 2847 651 2919 indutas,
667 2846 917 2929 querrradmodum
934 2837 1097 2925 Πόλεμον,
1115 2829 1396 2925 11ἐῖκος,”ΕρτνοΙν

231 2951 390 3026 lleraclito,
406 2950 583 3033 Errrpedocle
598 2949 719 3032 aliisque
734 2950 764 3012 in
781 2948 886 3012 mundi
901 2947 1009 3011 lubrica
1024 2945 1172 3010 adhibitos
1188 2964 1254 3006 esse
1270 2952 1396 3007 constat.

317 3058 448 3119 Fuenrnt
462 3064 572 3128 autem,
587 3053 636 3135 qui
652 3053 738 3115 etiam
754 3051 886 3115 Platonis
902 3051 932 3114 in
949 3050 1107 3133 Symposio
1122 3046 1268 3130 Cupidini,
1284 3047 1355 3108 Pori
1369 3057 1398 3109 et

233 3159 339 3221 Peniae
354 3159 422 3234 salio,
436 3157 677 3238 cosmogonicanr
692 3156 839 3239 quandam
855 3153 1099 3236 significationem
1111 3169 1242 3215 asserere
1252 3167 1398 3211 conaren-

235 3272 296 3338 tur,
315 3263 397 3325 cuius
418 3261 568 3344 opinionis
589 3259 768 3349 auctoribus
783 3257 883 3321 nescio
899 3257 1007 3339 quibus
1021 3256 1193 3338 propositae
1209 3252 1396 3316 Plutarchum

235 3375 338 3429 testem
364 3366 519 3429 lralrenrus.
554 3366 582 3428 ls
602 3365 695 3440 eninr,
721 3366 757 3427 de
778 3364 816 3425 ls.
836 3372 865 3426 et
883 3361 960 3425 Osir.
977 3382 1003 3425 c.
1020 3361 1077 3436 57,
1099 3368 1258 3442 postquam
1276 3355 1398 3418 llesiodi

236 3540 451 3550 ’nonno-oa·-
461 3541 467 3548 .
480 3541 534 3550 --

239 3624 368 3692 llcspelr.l
388 3643 410 3694 p.
424 3624 482 3677 515.
509 3623 610 3677 turolte.
628 3622 858 3675 reuertentem
876 3638 898 3688 p.
912 3620 953 3673 71.
970 3647 1005 3659 -
1025 3619 1062 3673 De
1078 3617 1192 3671 Plutonis
1209 3615 1264 3667 loco
1281 3612 1401 3665 similiter

239 3710 410 3763 iudicaverunt
423 3711 573 3762 llouamoliue
591 3716 619 3761 et
629 3709 657 3759 C.
670 3707 699 3759 Ρ.
712 3707 867 3759 llermanuue
879 3707 904 3758 io
917 3707 1005 3758 Dium.
1017 3703 1143 3771 antiquar.
1156 3718 1214 3754 uno.
1227 3700 1291 3752 18³5
1305 3717 1328 3769 p.
1339 3699 1398 3753 219.

240 3795 329 3848 llitter.
342 3797 402 3848 lrist.
416 3797 475 3864 plril.
490 3796 499 3847 Ι
512 3813 535 3864 p.
545 3796 608 3858 181,
627 3810 688 3863 quoe
706 3794 772 3846 laud.
786 3792 1012 3845 Winckelmeunue
1023 3792 1055 3842 ud
1068 3789 1196 3842 Plutarch.
1209 3788 1290 3839 Amat.
1303 3804 1327 3856 p.
1342 3786 1399 3838 155.

240 3880 273 3933 Bt
285 3881 452 3933 Corioli-edum
468 3899 566 3950 «tuoque
579 3881 746 3935 llermaauuru
763 3881 800 3934 eie
816 3880 941 3933 iudicasse
958 3878 1040 3931 refert
1052 3875 1082 3930 G.
1093 3876 1124 3929 d.
1138 3873 1217 3927 lioolr.
1230 3874 1305 3927 obse.
1319 3875 1344 3926 iu
1356 3871 1400 3926 'li-

239 3985 302 4021 mee.
316 3970 366 4021 lex.
379 3970 444 4022 Plut.
458 3971 535 4037 pereat.
549 3988 571 4039 p.
585 3969 641 4023 xit.

307 4055 353 4119 21)
373 4055 453 4106 litium
466 4055 639 4123 Empedoclem
653 4055 740 4122 «lullo
753 4072 815 4106 eoae
826 4053 898 4107 veria
911 4053 1010 4105 nomine
1023 4048 1313 4119 imposuisseridenu13
1328 4047 1401 4097 ruodo

240 4140 306 4192 enirn
324 4133 465 4205 ψιλότητα
482 4141 558 4205 dixit,
575 4142 647 4192 modo
665 4134 844 4206 deoorivrrr,
865 4139 937 4190 utorio
949 4132 1115 4207 Ἁρμονίην,
1136 4133 1209 4185 modo
1224 4125 1402 4202 Ἀφροδίτην.

141 4232 151 4255 ‘
241 4225 298 4277 l'id.
311 4225 343 4276 rr.
355 4240 380 4276 ν.
393 4225 435 4276 au.
450 4224 505 4275 107.
520 4226 576 4276 111.
589 4226 648 4278 209.
660 4225 719 4278 221.
732 4242 787 4278 eura
800 4223 931 4278 liareteuii
942 4230 1028 4275 annot.
1041 4239 1065 4292 p.
1075 4220 1123 4272 att
1137 4235 1162 4270 u.
1177 4217 1235 4269 tou.
1245 4243 1280 4256 -
1290 4215 1328 4269 tte
1340 4215 1403 4269 Per·

241 4311 338 4364 menide
350 4309 383 4362 ci.
394 4310 501 4362 modern
512 4309 536 4360 iu
550 4310 629 4363 Purra.
648 4313 718 4380 reliq.
731 4329 755 4380 p.
768 4310 827 4366 235.

309 4396 356 4464 ³2)
375 4396 447 4465 Apud
459 4392 578 4448 Rureten
590 4412 615 4464 p.
623 4397 657 4449 12
669 4414 694 4451 v.
705 4396 763 4450 127.
