2962 4808
730 375 791 441 106

100 574 105 581 '
182 564 248 626 Non
264 561 387 644 opinor:
403 561 453 624 sed
469 581 504 624 ex
519 563 658 639 turbidis,
672 564 723 629 ubi
737 574 839 627 motus
853 581 957 628 corum
969 563 1193 646 conquiescunt,
1207 565 1347 629 desidunt

182 685 225 737 ca,
241 684 315 744 quae
327 663 458 744 grauiora
471 675 549 737 sunt,
566 665 671 731 teriora
683 677 780 731 autem
793 686 913 730 sursum
925 669 1097 741 ascenctunt,
1109 678 1197 748 utque
1208 668 1260 740 sic,
1271 686 1346 749 quae

183 765 298 829 turbina
314 768 447 839 inerunt,
467 767 632 848 eliquantur
648 770 821 851 turbidaque
836 790 903 833 esse
918 771 1066 834 ‹lesinunt
1092 772 1191 852 itaque
1204 770 1230 833 si
1241 770 1347 846 Κοῖος

184 868 354 941 innectunt,
369 878 401 930 ut
413 869 458 931 iiia
470 869 613 945 elucidant,
629 891 691 935 mm
707 872 856 936 Turiruius
871 873 936 948 erit,
951 874 1002 936 sed
1015 874 1155 954 Liquatnr
1166 874 1276 954 potius,
1292 893 1345 935 nc·

183 989 240 1051 qne
260 971 370 1051 opponi
393 970 508 1033 «inimisit
523 972 644 1052 Seirqn,
664 976 715 1037 seri
732 976 808 1037 iriem
826 994 894 1038 cum
913 996 949 1036 eo
969 993 1079 1039 munus
1099 975 1206 1038 habere
1225 975 1346 1048 «licetur,

184 1071 422 1153 quandoquidem
438 1074 496 1134 turc
511 1073 585 1156 ipso,
597 1077 678 1155 quon
691 1076 828 1139 timidum
841 1077 982 1156 graviora,
998 1077 1194 1158 seiunguntur
1208 1075 1296 1137 etiam
1311 1074 1347 1138 ab

170 1173 230 1248 iis,
246 1173 353 1254 quibus
369 1174 512 1255 permixta
528 1177 652 1250 inerant,
668 1176 756 1240 rebus
774 1178 941 1240 levioribus.

269 1275 347 1338 lianc
362 1276 450 1357 igitur
461 1285 548 1358 atque
564 1279 627 1341 talia
640 1297 731 1360 quum
747 1279 884 1343 assentiri
901 1298 957 1343 nos
969 1279 1139 1342 Hermanno
1155 1287 1262 1353 retent,
1277 1278 1346 1342 licc-

185 1378 241 1451 irit‚
257 1378 361 1453 credo,
378 1378 463 1440 aiiam
479 1379 553 1442 riam
570 1390 693 1456 tentare,
708 1399 769 1443 non
784 1390 817 1443 ut
828 1392 946 1444 nostras
959 1381 1115 1464 opiniones
1131 1380 1348 1461 qualescunque

186 1481 344 1543 insonamus
360 1481 531 1544 incuterem
548 1482 684 1556 fabulam,
700 1483 752 1545 sed
769 1483 895 1565 utquid
912 1484 949 1545 iiii
965 1483 1031 1565 ipsi,
1045 1482 1095 1564 qui
1111 1483 1187 1545 hanc
1200 1482 1348 1562 excogita·

186 1594 268 1656 runt,
289 1583 418 1645 sensisse
432 1583 596 1655 rideantur,
624 1583 738 1646 indiciis
758 1584 935 1666 quibusdam
954 1603 989 1647 ac
1007 1584 1135 1664 vestigiis
1156 1583 1186 1645 in
1205 1584 1264 1646 hoc
1282 1583 1348 1665 ipso
1376 1604 1378 1609 ·

186 1676 314 1746 carmine
326 1685 501 1765 tireogonico
513 1685 636 1748 serratis
648 1685 784 1766 indagare
795 1703 946 1748 conemur.
958 1720 1001 1730 -
1013 1684 1145 1747 Primum
1158 1685 1246 1765 igitur
1255 1684 1348 1748 Ocea·

187 1805 258 1848 num
274 1786 386 1848 notumne
401 1786 569 1849 auctoriims
585 1786 731 1868 ingentem
747 1789 804 1851 rim
820 1806 962 1870 aquarum
977 1787 1069 1850 risam
1085 1807 1150 1850 ‹cssc
1171 1787 1272 1850 orbem
1288 1797 1349 1850 ter·

188 1907 286 1951 rarum
303 1888 493 1951 inundantem
509 1900 596 1971 atque
611 1889 798 1963 cernentem,
818 1889 889 1952 nihii
906 1898 951 1952 est
970 1889 1050 1970 qnod
1071 1888 1185 1970 probet.
1216 1890 1349 1954 Fuerunt

188 2010 268 2065 sane,
284 1991 335 2072 qui
351 1993 502 2052 (turanum
517 1992 651 2054 onrrrium
666 2010 764 2054 renum
780 1991 957 2073 principium
974 1993 1114 2067 irrorent,
1128 1990 1212 2055 cuius
1228 1992 1349 2074 opinio·

188 2094 235 2155 ms
243 2092 480 2174 antiquissimum
492 2102 596 2154 testem
608 2093 770 2156 Hunnorum
782 2093 923 2155 haimmus
933 2099 947 2137 ²
956 2097 997 2169 ²).
1014 2092 1066 2155 iiis
1077 2093 1165 2173 igitur
1174 2113 1284 2176 aquosa
1296 2113 1350 2157 na·

136 2206 166 2258 rt
189 2204 250 2257 tura
266 2195 398 2257 onmium
418 2195 511 2275 prima
533 2196 623 2257 tuisse
642 2205 810 2275 ceterasque
825 2212 945 2267 ornnes,
965 2203 1089 2267 terram,
1109 2215 1222 2268 acrem,
1243 2196 1350 2277 ignem,

188 2317 222 2358 ex
238 2316 271 2358 se
284 2314 456 2377 procreasse
471 2295 530 2357 risa
542 2306 595 2372 est,
610 2297 689 2378 quod
705 2305 886 2378 quantopere
897 2296 986 2358 ‹iistet
997 2294 1033 2357 alr
1045 2295 1130 2376 aquis
1142 2296 1244 2359 urbem
1257 2307 1350 2361 terra·

187 2417 253 2461 rum
274 2397 485 2460 inundantibus
506 2398 626 2479 quilibet
645 2398 783 2479 inteiligit.
811 2398 869 2460 Sed
886 2397 1059 2477 theogoniae
1079 2399 1191 2460 auctori
1207 2399 1352 2474 Oceanus,

187 2501 263 2563 sicut
279 2519 339 2563 non
355 2500 519 2583 procrearit
533 2509 650 2576 terram,
666 2502 704 2564 ita
717 2519 753 2563 ne
766 2499 917 2564 inundavit
927 2499 1057 2580 quictem,
1073 2501 1126 2562 secl
1142 2500 1206 2581 ipse
1218 2500 1309 2565 Terra
1323 2511 1352 2565 et

188 2603 274 2666 Cocio
289 2613 452 2684 prognatus
468 2602 652 2684 amplectitur
667 2612 790 2665 matrem
806 2601 970 2682 cingitque,
990 2610 1023 2664 ut
1036 2596 1165 2686 τιλήιις
1186 2598 1351 2684 ποταμός,

188 2726 213 2768 ι.
229 2706 301 2774 242.
317 2708 473 2786 fontesquo
487 2713 515 2767 ct
531 2704 634 2769 iturios
649 2712 785 2785 procreat
796 2703 906 2785 passim
926 2722 943 2766 c
964 2713 1039 2766 terra
1060 2703 1249 2768 scaturrientes
1269 2725 1351 2768 cam·

188 2828 245 2890 «prro
264 2816 479 2891 percurrentes.
515 2807 615 2889 Neque
634 2807 722 2887 igitur
741 2825 862 2869 omnem
882 2825 1023 2888 aquanrm
1043 2816 1193 2882 naturam,
1217 2816 1251 2871 ut
1273 2809 1351 2890 apud

188 2912 253 2974 ilios
269 2912 391 2985 alteros,
411 2909 527 2973 Oceano
543 2910 698 2991 significari
715 2910 862 2985 violentus,
881 2910 933 2972 seri
953 2929 1018 2973 eom
1038 2911 1256 2984 tantummodo,
1278 2931 1353 2993 quac

188 3024 234 3076 en
254 3014 283 3076 in
305 3012 430 3075 sontium
447 3013 661 3093 iuniorumque
681 3013 765 3093 aquis
785 3012 933 3076 dulcibus:
954 3031 1028 3093 quae
1043 3032 1134 3093 quum
1150 3014 1252 3075 eadem
1268 3013 1307 3076 sit
1320 3013 1351 3076 in

189 3116 302 3199 pieriis,
317 3115 448 3196 nacliquc
463 3114 587 3177 hrrnrorc
603 3116 699 3175 tontes
715 3114 750 3175 aii
766 3113 926 3187 videantur,
942 3123 1063 3197 apparet
1077 3113 1162 3187 ratio,
1179 3133 1231 3177 cur
1245 3115 1352 3178 Coelus
1451 3193 1454 3199 Ι

190 3219 306 3282 Oceano
322 3229 404 3301 pater
418 3218 504 3281 datus
518 3217 565 3280 sit.
596 3216 702 3280 Contra
719 3217 848 3280 marinas
865 3236 957 3299 aquas
972 3217 1061 3281 Terra
1076 3235 1138 3281 non
1153 3239 1169 3281 c
1185 3218 1283 3292 Coelo,
1299 3219 1352 3282 scri

190 3321 252 3403 ipsa
267 3341 301 3384 cx
317 3321 428 3403 gremio
441 3341 496 3384 suo
508 3321 632 3404 peperit,
647 3329 791 3402 natusque
803 3321 927 3396 Pontus,
943 3322 972 3384 ir.
986 3342 1010 3385 c
1023 3339 1113 3397 marc,
1128 3321 1185 3384 iarn
1199 3333 1267 3384 autc
1278 3322 1353 3385 Coe·
1374 3407 1376 3411 Α

226 3447 309 3455 ..ι-...-

191 3508 293 3544 unnrrus
305 3495 421 3546 tioium
434 3494 504 3546 κιιίω
513 3493 601 3546 icturi
615 3510 690 3562 posse
703 3502 779 3560 neget
790 3503 895 3563 propter
907 3493 1005 3546 subulae
1019 3494 1155 3559 nfioncnr,
1171 3509 1234 3562 quac
1247 3494 1353 3560 singulis

191 3577 304 3632 Titanum
322 3580 424 3649 paribus
441 3579 608 3649 oppositus
625 3581 692 3633 intcr
707 3597 735 3632 se
752 3580 822 3632 virus
841 3580 979 3647 significet,
996 3586 1024 3632 ut
1041 3595 1145 3631 ncccssc
1162 3579 1209 3645 sit,
1226 3579 1248 3631 si
1265 3581 1354 3639 Κοῖος

192 3667 285 3730 inuram
296 3676 408 3719 naturam
419 3667 516 3732 hubert,
527 3668 625 3737 Kpior,
638 3674 725 3736 utpote
735 3667 791 3719 truic
801 3667 950 3736 oppositum,
963 3665 1077 3733 frigidm
1085 3674 1129 3718 rut
1141 3666 1353 3733 retrigrmtriecru

180 3753 297 3819 ⁸briserr,
314 3754 378 3821 qumi
400 3753 454 3806 iteri
467 3771 515 3806 uon
528 3770 603 3822 posse
617 3761 716 3822 patere:
736 3754 827 3806 nititur
844 3756 905 3806 truce
922 3754 1059 3823 disputatio
1076 3759 1224 3820 argumento
1236 3768 1354 3822 perquem

193 3838 298 3902 instrue,
309 3840 504 3908 quandoquidem
514 3841 563 3892 ista
572 3842 742 3910 oppositurum
754 3858 801 3911 pcr
809 3842 907 3908 singula
921 3841 991 3910 peria
1001 3840 1090 3893 virium
1100 3840 1251 3906 significatio
1264 3840 1289 3890 iu
1300 3840 1354 3909 ipsu

193 3932 281 3976 rctcrc
293 3925 377 3978 inbuit
389 3927 575 3994 hautquaquam
587 3928 666 3994 inest,
679 3929 724 3981 sot
738 3929 880 3997 nuperrime
898 3930 997 3980 dentum
1014 3927 1160 3991 excogitata
1172 3926 1307 3978 iiemrnui
1316 3927 1355 3977 iu·

193 4009 279 4074 acum,
290 4027 321 4063 cc
333 4011 389 4063 ticin
402 4012 593 4077 orisimtionurn
607 4014 830 4068 inecrtiuimrrmn
842 4023 870 4067 ct
882 4030 969 4083 purum
981 4012 1145 4082 probabilium
1158 4028 1205 4080 ops
1217 4011 1303 4065 veteri
1316 4011 1354 4065 ia·

195 4096 267 4148 isiae
278 4097 389 4150 obtrusa.
400 4126 435 4137 -
451 4099 501 4150 Sed
518 4099 593 4150 etim
608 4099 712 4153 torm
730 4101 837 4154 nominis
849 4100 892 4152 isti
910 4098 1070 4164 orisimtioni
1082 4114 1098 4151 ι
1109 4099 1179 4150 sciar
1192 4097 1295 4150 obstare
1305 4097 1350 4151 sit.

194 4182 269 4250 Atqrn
282 4182 336 4250 ipsc
344 4177 481 4252 Ispinon
490 4185 595 4254 spectro
606 4186 715 4239 derivet:
727 4187 816 4239 οοάειιι
827 4186 906 4253 igitur
917 4185 1092 4239 ιιοᾰοοιιαίυ
1101 4178 1187 4250 Κόος,
1199 4184 1257 4236 hinc
1268 4191 1352 4238 auten

194 4271 284 4327 Κοῖος
295 4267 387 4320 facturn
399 4268 518 4334 dicem
531 4276 559 4320 ut
570 4262 665 4328 ὀλοιός
676 4287 709 4324 cx
722 4265 813 4331 ὄλοός.

180 4400 184 4405 ,
263 4351 306 4419 22)
320 4351 348 4405 ΙΙ.
361 4351 431 4415 xtv,
442 4350 501 4406 ²01.
525 4351 596 4407 Cori.
608 4354 718 4410 cotom
730 4358 788 4423 nst.
796 4374 821 4428 p.
831 4355 891 4410 stt.
904 4355 965 4410 5⁰90
988 4356 1056 4411 Bois
1067 4356 1099 4410 tic
1111 4354 1189 4425 Orph.
1203 4373 1227 4426 p.
1239 4351 1297 4409 trs.
