2962 4808
661 652 798 664 ——u-—n
808 654 863 665 ιι-

184 775 202 817 a
222 754 394 836 theogoniae
412 754 615 836 compositore
635 773 696 819 non
716 757 788 818 eatis
809 755 983 820 intellectam
1000 759 1126 844 ideoque
1141 761 1243 825 alienis
1258 761 1343 827 addi-

184 858 318 921 tamentis
333 866 502 941 corruptam
522 878 597 921 esse.
628 858 702 922 Nam
718 877 785 922 eum
801 859 935 941 quidem,
954 863 1003 944 qui
1025 864 1141 946 primus
1156 875 1312 930 castratum
1328 885 1345 928 a

183 962 312 1024 Saturno
327 962 447 1025 foetum
464 961 560 1034 linxit.
581 980 636 1045 pro
657 971 737 1026 mrto
753 963 831 1027 sumi
847 975 947 1046 potest
962 984 1023 1030 non
1039 968 1187 1049 impietate
1202 968 1344 1032 commis·

182 1084 250 1129 sune
264 1065 317 1130 sed
332 1065 532 1130 necessarium
556 1065 670 1131 tamnus
687 1085 855 1151 proponere
870 1069 1012 1133 voluisse:
1032 1071 1173 1136 eviratum
1188 1092 1255 1136 esse
1269 1073 1344 1137 Coe·

182 1170 255 1245 lum,
271 1189 307 1234 ne
322 1189 396 1233 nora
413 1189 530 1252 serrrper
541 1169 595 1233 alia
609 1190 701 1253 supter
715 1171 769 1236 alia
785 1173 971 1257 progigneret
987 1174 1165 1259 inlinitisque
1180 1177 1344 1259 generatio·

182 1272 272 1336 nibus
287 1276 413 1338 loturam
430 1274 537 1356 latique
551 1276 615 1356 lege
633 1275 844 1358 praescriptam
865 1297 965 1342 rerum
985 1280 1241 1357 constitutionem,
1260 1280 1345 1345 euius

182 1377 343 1457 primordia
358 1378 510 1441 Titanibus
525 1379 736 1460 significantur,
753 1382 937 1464 praepediret
952 1393 981 1445 et
995 1383 1106 1447 irritam
1123 1387 1243 1448 laceret:
1264 1393 1345 1447 eam·

183 1498 240 1560 que
253 1498 373 1544 eausam
393 1481 480 1544 etiam
501 1482 531 1545 in
553 1482 609 1546 hac
626 1492 728 1546 nostra
744 1483 914 1564 theogonia,
934 1484 1000 1547 lieet
1019 1504 1079 1548 non
1095 1486 1217 1560 diserte,
1236 1495 1271 1550 ut
1283 1484 1345 1547 rel·

181 1580 291 1659 lemos,
310 1583 480 1659 iudicatam,
501 1585 603 1648 tectim
624 1594 721 1648 tamen
736 1595 765 1648 et
780 1585 875 1649 obiter
891 1586 1084 1668 significatam
1100 1588 1232 1651 violemus
1251 1585 1345 1650 trihus

183 1684 288 1761 rethia,
303 1707 338 1749 er
353 1687 518 1770 antiquiore
533 1690 659 1751 tortasse
674 1689 843 1753 narratione
859 1690 1030 1763 servarier.
1051 1690 1118 1752 137.
1138 1689 1213 1753 138:

267 1785 345 1866 τοῦς
367 1784 406 1854 eli
426 1781 509 1871 μέθ’
531 1781 719 1868 ὁπλότατος
741 1784 848 1874 γένετο
871 1785 999 1874 Κρόνος
1022 1783 1259 1878 ἀγκυλομήτης,

272 1886 464 1970 δεινότατος
486 1886 627 1970 παίδων,
650 1889 824 1978 θολερόν
846 1886 880 1956 tl’
894 1883 1046 1980 ἤχθηρε
1066 1889 1199 1979 τοκῆα.

184 1993 315 2076 Namque
335 1996 392 2058 hoc
411 1991 569 2079 θολερόν,
589 1996 668 2077 queo
688 1995 912 2076 reprehendisse
927 1996 1126 2058 Aristarchum
1146 1995 1284 2075 legimus,
1303 1987 1349 2072 ὥς

186 2087 225 2158 ori
246 2095 354 2176 καλῶς
374 2095 434 2162 τοῦ
456 2095 680 2183 monasteriem
704 2090 853 2182 inoroi
875 2091 1232 2183 lalaooi'eiqppe'roe,
1254 2099 1346 2180 perti·

187 2215 258 2261 nere
277 2199 390 2264 rieletur
408 2203 445 2263 ael
466 2201 688 2264 immoderatam
710 2201 786 2263 illam
807 2199 863 2261 rim
885 2200 1053 2280 genitalem,
1078 2209 1112 2262 ut
1132 2210 1254 2282 propter
1272 2202 1348 2263 hane

187 2301 332 2365 Saturnus
347 2303 422 2385 patri
437 2304 607 2366 adversatos
621 2322 688 2365 esse
704 2293 857 2387 (ἤχθηρε)
873 2302 995 2375 dicatur,
1012 2302 1041 2365 iel
1057 2303 1137 2384 quoti
1154 2303 1347 2383 Goettlingius

186 2424 302 2488 quoque
320 2407 530 2470 animadvertit.
561 2406 627 2469 Non
647 2415 724 2468 recte
744 2405 831 2485 igitur
848 2404 933 2467 aliam
949 2415 1035 2486 atique
1050 2405 1193 2468 ‹lirersam
1210 2404 1347 2468 iocinoris

186 2528 302 2572 eausam
319 2508 493 2590 theogoniae
507 2508 694 2591 retropositor
707 2506 853 2583 indicarit,
868 2507 942 2571 iram
958 2508 1082 2572 Telluris
1098 2507 1228 2572 inclusos
1243 2506 1346 2590 Cyelo-

185 2630 237 2693 pes
252 2623 281 2674 et
295 2612 485 2676 Centimanos
500 2632 586 2695 aegre
602 2610 720 2675 serentis
737 2610 871 2693 liliosque
882 2611 918 2673 ml
931 2611 1084 2674 simlictam
1097 2611 1258 2687 excitantis,
1273 2631 1347 2693 quoe

185 2732 272 2776 eausa
295 2733 382 2797 quam
404 2715 479 2777 male
498 2714 585 2778 etiam
606 2713 733 2794 reliquae
754 2713 914 2777 narrationi
935 2715 1100 2788 conveniat,
1126 2733 1216 2796 quum
1238 2714 1347 2778 evirato

184 2816 274 2880 Coelo
294 2835 480 2899 nequaquam
500 2826 596 2880 tanren
618 2816 721 2879 inclusi
742 2815 780 2878 illi
800 2817 963 2892 solmone,
985 2816 1041 2879 iam
1061 2816 1119 2880 alio
1139 2818 1204 2880 loeo
1223 2838 1239 2879 a
1259 2818 1348 2881 nohis

185 2919 352 3003 expositum
367 2926 478 2998 est²³).
509 2920 609 3002 Neque
625 2919 733 2993 minus,
748 2918 866 3000 opinor,
882 2920 940 2982 hoc
955 2929 1056 2982 eontra
1072 2940 1168 2983 reram
1184 2921 1288 2983 veteris
1304 2923 1347 2984 lo·

184 3021 268 3086 hulae
283 3033 410 3087 mentem
428 3026 534 3087 lactum
550 3033 604 3097 est,
619 3034 652 3087 ut
662 3023 784 3105 Erinyes
799 3043 816 3084 e
829 3023 947 3085 Saturni
964 3021 1091 3085 iocinore
1106 3032 1187 3086 ortae
1201 3026 1348 3107 lingeren-

185 3135 248 3200 tur‚
274 3126 357 3209 quasi
381 3126 406 3189 is
430 3126 525 3189 scelus
550 3125 673 3209 impium
699 3125 900 3188 commisisset
918 3123 997 3205 geori
1018 3143 1111 3204 poena
1134 3126 1348 3188 rindieandum.

135 3234 165 3288 n
186 3228 252 3292 Non
268 3238 338 3291 sunt
351 3247 423 3291 sane
438 3229 477 3291 dii
492 3230 670 3292 Graecorum
687 3227 778 3291 saneti
794 3245 898 3289 omnes
915 3236 944 3288 et
958 3226 1099 3290 scelernm
1116 3228 1279 3300 immunes,
1295 3228 1348 3289 sed

186 3332 276 3394 multa
291 3351 378 3412 saepe
394 3330 516 3405 iaciunt,
535 3325 621 3394 ὅσσα
643 3322 728 3412 παρ’
751 3321 988 3414 ἀνθρώποισιν
1010 3320 1139 3392 όνείόεο
1161 3323 1216 3392 καὶ
1240 3323 1350 3414 ψόγος

185 3425 284 3512 ἐστίν,
300 3434 379 3497 unde
390 3451 452 3496 non
467 3434 628 3498 alrsordum
641 3443 712 3509 erat,
728 3432 810 3514 ipsos
826 3450 944 3513 quoque
959 3432 1053 3496 ultrici
1068 3433 1194 3496 iustitiae
1205 3441 1234 3494 et
1244 3432 1348 3495 Furia·

186 3553 252 3599 rum
271 3537 384 3600 nomini
406 3537 553 3600 ohnoxios
573 3537 709 3617 cogitari:
728 3547 757 3599 at
773 3535 890 3598 Saturni
907 3534 1034 3606 lacinus.
1056 3536 1081 3598 si
1097 3536 1163 3616 quis
1178 3554 1243 3598 rere
1258 3535 1349 3599 inter·
1367 3572 1369 3578 ·

186 3648 332 3719 pretetur‚
353 3641 450 3722 specie
464 3640 556 3721 magis
571 3659 659 3722 quam
675 3660 707 3704 re
721 3638 879 3702 scelestrun
896 3637 962 3712 luit,
982 3657 1076 3720 neque
1095 3638 1173 3701 credi
1188 3646 1287 3720 potest
1305 3638 1349 3699 ri·

187 3756 254 3803 rum
273 3742 449 3823 sapientem,
469 3742 518 3824 qni
539 3743 654 3824 primus
673 3744 734 3806 hoc
751 3741 922 3824 proposuit,
942 3741 1011 3804 illud
1031 3741 1154 3804 alterum
1170 3738 1349 3813 adiunxisse,

188 3843 267 3923 quod
288 3844 376 3907 lalme
396 3845 518 3926 speciei,
534 3864 596 3908 non
616 3864 698 3909 rerae
718 3844 823 3909 rationi
844 3844 1021 3907 conveniens
1037 3853 1108 3907 erat
1137 3842 1276 3906 htlditum
1293 3843 1351 3905 hoc

188 3953 290 4024 postea
304 3955 350 4008 est
363 3946 400 4009 ab
414 3946 489 4022 aliis,
504 3947 554 4028 qui
568 3965 637 4009 sero
653 3948 766 4011 lahulae
780 3946 927 4010 intellectu
942 3947 1100 4009 obscurato
1115 3947 1209 4008 solam
1219 3944 1349 4026 speciem

190 4044 380 4109 intuerentur.
409 4048 447 4111 nt
460 4048 596 4112 norimus
611 4049 697 4112 etiam
713 4050 799 4131 longe
814 4050 933 4113 aliosde
946 4049 1088 4131 Erinpum
1104 4047 1216 4128 origine
1231 4046 1349 4128 opinio·

191 4163 244 4210 nes
257 4148 336 4231 apud
350 4159 463 4214 veteres
478 4149 585 4226 luisse,
604 4169 678 4233 quas
692 4139 867 4234 percensere
881 4151 1019 4215 hocloco
1035 4149 1107 4213 nihil
1122 4149 1295 4227 attinetttl:
1315 4166 1351 4210 ex

190 4319 490 4335 -ι-ο-ι-

260 4405 307 4473 tt)
326 4405 352 4459 ls
364 4407 467 4461 dissert.
479 4407 510 4460 ts
522 4406 655 4463 'litonibus
668 4410 799 4464 llesioelels
812 4429 834 4482 p.
845 4410 861 4464 8
874 4427 928 4481 sqq.

259 4491 309 4557 26)
326 4491 452 4546 Nonnulla
468 4493 577 4547 iehhsri
592 4495 618 4547 in
635 4497 709 4566 proll.
720 4497 753 4550 sd
764 4498 855 4552 hesel.
867 4498 972 4552 liemon.
984 4511 1090 4565 ospes
1103 4510 1141 4547 ne
1150 4509 1314 4560 conversan,
1326 4509 1350 4562 p.

193 4576 228 4631 oh
238 4592 293 4648 sqq.
305 4576 347 4631 ahl
360 4585 442 4632 ones
454 4576 566 4633 'lutus
578 4581 634 4649 ptos
646 4599 718 4652 qum
731 4583 851 4637 leheim
863 4584 966 4637 erslldi.
