2962 4808
25 424 42 474 3

376 112 436 203 DE
458 109 580 206 tons
599 108 908 204 temnendus.

148 395 265 493 dntiqni
282 411 418 493 theologi,
433 432 525 495 quum
541 413 577 476 de
591 412 715 494 singulis
730 411 792 474 deis
804 410 896 475 multa
907 410 982 474 tradi
993 408 1125 472 viderent
1135 425 1223 489 pror·

64 535 116 579 sus
132 515 208 578 inter
222 535 254 577 se
265 515 377 578 diversa
388 527 474 598 atque
485 518 653 600 pugnantia,
667 536 762 599 neque
773 515 923 590 haherent,
938 534 995 595 qua
1006 521 1143 594 teraquanr
1155 519 1225 573 nota
1306 563 1308 568 .

63 619 182 701 quaein
198 617 244 682 his
262 638 336 694 uera,
354 639 428 701 quae
445 620 516 683 irrisa
531 629 560 682 et
575 619 777 684 commenticia
793 628 900 692 essent,
915 628 996 681 oerto
1011 617 1226 699 dignoscerent,

64 724 141 787 hane
155 723 279 804 denique
295 723 437 786 rationem
453 723 589 796 inierunt,
607 734 638 786 ut
652 724 752 806 piures
767 724 839 786 deos
856 721 1026 786 nominihus
1042 720 1159 794 iisdem,
1174 718 1226 781 sut

63 825 186 891 «liversis
204 826 400 908 temporibus,
421 827 588 910 paremihus
605 827 750 910 rebusque
765 826 855 907 gestis
872 825 962 890 inisse
978 832 1153 899 statuerent,
1169 842 1227 905 qna

64 932 177 995 ratione
196 930 317 995 iahudari
337 931 477 995 historiae
496 930 638 1008 milrihita,
658 951 732 1014 qnae
752 931 782 995 in
798 932 886 996 nnius
902 949 1060 1013 personam
1076 948 1138 993 eon
1153 948 1227 1010 quta-

63 1037 197 1109 drarent,
217 1044 284 1118 apte
303 1035 379 1099 inter
398 1036 499 1118 plnres
518 1035 646 1119 dispesci
661 1046 748 1118 atque
762 1037 807 1099 eie
821 1035 898 1098 iiiam
919 1034 1083 1098 tabularum
1104 1034 1227 1098 ‹liversi-

66 1151 153 1204 tatem
180 1139 315 1222 explicari
342 1158 529 1223 pugnamque
554 1140 650 1203 dirimi
677 1160 767 1223 posse
793 1139 978 1222 putahaet1).
1012 1139 1055 1201 hh
1074 1139 1121 1202 his
1142 1137 1229 1220 igitur

66 1245 152 1308 etiarn
167 1245 250 1307 iores
266 1254 325 1307 tres
340 1254 512 1307 numeratos
527 1264 593 1307 esee
607 1245 746 1326 legimus:
762 1244 892 1328 primurn
908 1254 936 1307 et
951 1244 1114 1307 seeundum
1131 1242 1161 1305 in
1173 1244 1227 1304 hr-

65 1348 145 1411 eadia
161 1358 262 1422 natos,
280 1349 403 1411 aiterum
422 1357 504 1430 patre
519 1349 655 1423 Aethere,
673 1369 708 1411 ex
724 1367 782 1430 quo
798 1347 1007 1429 Proserpinam
1023 1354 1121 1409 natam
1137 1353 1165 1407 et
1178 1341 1229 1407 Li-

65 1450 183 1525 herum,
202 1453 324 1513 atterum
345 1461 426 1533 patre
441 1451 540 1526 Caele,
561 1451 723 1532 genitorem
739 1452 898 1526 hiinervae3
918 1449 1034 1513 tertium
1051 1450 1230 1521 Cretensem,

67 1553 186 1618 Saturni
213 1553 319 1628 idiunt,
344 1555 429 1619 ouius
450 1554 480 1619 in
501 1555 545 1618 ilia
565 1555 660 1619 insuta
678 1555 767 1619 etiam
787 1555 956 1636 sepulerum
977 1551 1139 1630 osunen).
1172 1549 1230 1613 Sed

71 1750 117 1760 ...-
126 1748 313 1759 ——-..-.----
320 1749 364 1755 -.-

139 1874 160 1935 Ι)
178 1871 321 1938 Theologoe
339 1874 384 1924 hoe
400 1873 453 1925 diri
465 1872 594 1925 Ciceronis
612 1873 728 1941 exempto
740 1873 771 1924 de
783 1872 814 1925 N.
824 1873 853 1924 D.
866 1870 913 1938 iii,
926 1871 973 1935 et,
986 1869 1028 1922 53.
1040 1869 1086 1921 542
1101 1869 1232 1920 abeodem

68 1960 214 2011 interiorum
227 1969 254 2012 et
266 1962 450 2013 reconditarum
464 1961 606 2012 litterarum
619 1967 776 2011 sereniore·
788 1959 905 2010 dicuntur
916 1974 938 2009 e.
956 1957 1003 2022 to,
1013 1956 1055 2021 «n,
1069 1954 1134 2008 ratio
1146 1971 1232 2007 eoruur

68 2054 151 2098 autem
165 2041 180 2096 ὁ
195 2041 312 2115 ἡρωϊκὸς
324 2046 368 2097 rud
381 2041 544 2115 μερισηκὸς
555 2041 639 2115 λόγος
656 2061 671 2095 ι
684 2044 776 2096 ioeaoe
788 2044 861 2114 Lydo
879 2045 910 2095 de
922 2059 1000 2095 meus.
1012 2041 1056 2108 iV,
1069 2041 1116 2106 48,
1133 2040 1234 2092 eeiiieet

75 2127 203 2202 ipuot'ede,
228 2132 284 2200 puin
303 2133 365 2184 deos
382 2147 469 2182 omnes
487 2147 576 2200 reapse
593 2132 705 2183 hornieee
721 2129 814 2182 rotatis
831 2130 947 2181 heroicae
963 2128 1043 2182 iniere
1063 2127 1233 2192 erediderunt,

72 2227 158 2285 geresten
171 2227 342 2280 enumeratos,
353 2211 516 2289 preprerrxdc
526 2225 618 2286 auum,
629 2218 687 2287 quia
699 2216 797 2269 inbutae
809 2216 841 2268 ad
853 2232 909 2268 eum
922 2232 994 2284 quem
1006 2214 1059 2267 dini
1071 2215 1169 2267 modurn
1179 2214 1233 2265 dir·

74 2312 234 2372 moruerunt.
256 2304 372 2356 Adhibita
382 2313 466 2356 autem
480 2304 541 2356 haee
556 2304 620 2356 ratio
630 2301 724 2356 inbutis
733 2310 774 2356 eet
782 2305 888 2356 marinae
898 2303 929 2354 rh
940 2302 1090 2369 Euhemero,
1102 2318 1132 2354 ae
1144 2302 1235 2354 deinde

74 2391 129 2442 eius
141 2390 256 2458 eneurpto
268 2405 283 2441 a
295 2390 463 2458 eompturibue
475 2390 583 2443 eruditio
595 2390 688 2443 aetati·
697 2389 898 2451 Alexandrinam
911 2390 956 2441 aed
969 2388 1090 2458 quaedam
1098 2387 1154 2440 eiua
1163 2386 1236 2440 iaitie

75 2476 206 2527 adrrrodmu
223 2484 319 2528 nature
331 2478 395 2545 apud
409 2477 575 2547 iogognphoe
587 2477 816 2547 deprehendentur,
828 2476 859 2526 de
872 2474 962 2544 quibet
974 2473 1040 2528 enai.
1054 2473 1163 2527 reboet.
1176 2473 1234 2540 ngr.

78 2578 100 2629 p.
113 2560 161 2610 test
176 2577 228 2629 req.

145 2645 170 2708 2)
189 2645 277 2698 lieiert
292 2648 353 2699 haee
365 2649 454 2701 Cicero
465 2650 497 2702 de
509 2650 540 2703 N.
551 2651 581 2702 l).
596 2650 655 2717 hh,
673 2667 746 2720 quern
757 2649 884 2703 hreohiue
903 2648 1017 2718 monitor
1029 2646 1071 2711 tv,
1086 2647 1126 2699 lt.
1148 2644 1236 2699 Prelio

78 2732 155 2783 aliter
171 2747 223 2802 rem
241 2743 382 2801 proponunt
394 2733 508 2788 (lienem
520 2737 596 2790 Alex.
609 2736 693 2790 Prote.
706 2754 729 2790 o.
740 2739 770 2804 2,
786 2737 819 2789 28
831 2735 999 2804 stamperto
1011 2733 1073 2799 od,
1090 2735 1122 2785 de
1133 2747 1237 2786 uenero

80 2826 162 2870 teneo
174 2835 222 2869 uon
234 2818 422 2871 dissentientes.
432 2846 466 2858 —
479 2821 515 2874 ht
526 2820 654 2889 „Varro“,
667 2822 747 2891 iuquit
758 2821 934 2875 Terutttmm
943 2820 1016 2889 apat.
1029 2836 1052 2872 e.
1065 2820 1104 2887 ii,
1116 2827 1237 2886 „trecen-

78 2910 119 2955 toe
131 2902 213 2968 torre,
225 2904 280 2955 aire
292 2902 415 2973 iupiteree
426 2905 564 2973 dicendum,
576 2909 632 2960 eine
644 2907 768 2978 eapitihue
779 2907 947 2962 introduxit.“
967 2906 1018 2960 Sed
1028 2905 1152 2959 Varronis
1164 2907 1238 2960 tte·-

78 2989 145 3056 logie
157 2989 303 3054 leegieeiue
313 2989 443 3042 abhorruit
453 2992 485 3043 eh
497 2991 697 3048 Εύοιοτίιιοε
714 3010 794 3064 oeque
805 2994 872 3048 enin
883 3009 916 3047 ex
929 2992 1070 3046 mantem
1080 2992 1143 3046 tm
1156 2991 1239 3046 neu·
