2962 4808
766 495 826 558 12⁰

216 685 372 753 certamine
392 686 475 748 locos
496 684 594 765 paullo
617 686 756 750 attentius
772 684 1032 767 contemplabitur,
1051 683 1242 766 significatam
1262 681 1380 765 quidem

217 789 329 871 passim
356 807 453 851 reram
473 788 618 851 rationem
640 787 763 865 ridebit,
788 789 841 850 sed
861 805 996 850 mancam
1017 795 1116 850 tamm
1135 785 1333 850 narrationem
1353 795 1382 848 ct

216 893 417 974 imperfectam
432 911 499 954 esse
514 888 713 964 confitebitur,
734 890 844 972 quippe
859 909 951 972 quum
967 898 997 952 et
1011 889 1108 952 ‹lesint
1128 889 1268 953 nonnulla
1284 890 1320 951 acl
1339 887 1382 950 rei

217 994 391 1058 intellectum
412 993 538 1056 naarime
558 993 740 1067 neeessaria,
760 1002 790 1056 et
805 992 903 1055 omnis
919 1002 1006 1055 tenor
1020 991 1113 1054 mirus
1129 991 1169 1054 sit
1183 1010 1237 1055 nec
1253 989 1324 1054 satis
1339 989 1382 1053 rei

215 1098 403 1162 conveniens.
438 1096 571 1160 Priuuun
597 1096 676 1159 enim
698 1097 735 1160 ele
754 1096 838 1161 initio
858 1095 1025 1159 certaminis
1046 1104 1075 1158 et
1093 1115 1183 1178 quam
1203 1095 1241 1159 ob
1262 1111 1394 1178 musam

215 1201 321 1263 bellum
337 1209 436 1262 ortum
451 1199 504 1274 sit,
527 1218 652 1281 prorsus
667 1199 739 1262 nibil
755 1218 850 1282 neque
865 1199 896 1264 in
911 1199 966 1262 hac
981 1211 1064 1280 pane
1079 1198 1267 1280 theogoniae,
1286 1215 1383 1279 nequo

216 1305 246 1366 in
261 1303 297 1366 iis
312 1323 385 1387 quae
401 1310 629 1385 praecesserunt
642 1290 812 1378 erlocomur,
828 1311 856 1364 et
871 1311 975 1385 postea
990 1301 1120 1376 demum,
1134 1301 1165 1364 in
1177 1301 1231 1364 alia
1243 1299 1383 1363 carminis

217 1417 312 1491 parte,
338 1406 450 1470 rlurlum
475 1406 530 1469 bac
550 1405 774 1469 titanomarbiae
794 1405 963 1469 narratione
983 1404 1118 1469 absoluta
1138 1403 1242 1468 etalio
1262 1403 1386 1484 insuper

217 1510 376 1575 oertamine
395 1509 473 1572 lovis
494 1517 596 1573 contra
617 1510 792 1592 Typhoeum
814 1508 977 1591 descripto,
1004 1527 1095 1591 quum
1116 1507 1222 1572 transit
1241 1515 1328 1589 poeta
1348 1507 1384 1569 ael

218 1613 352 1695 coniugia
366 1613 445 1675 loris
468 1611 661 1693 subolemque
672 1612 913 1686 enumerandam,
929 1610 1025 1674 obiter
1035 1612 1120 1695 quasi
1132 1620 1161 1675 et
1172 1611 1202 1675 in
1214 1621 1386 1675 transcursu

163 1732 195 1786 tt
218 1718 311 1782 tribus
332 1716 428 1780 serbis
449 1715 609 1779 irremorari
628 1715 776 1790 violemus,
796 1709 875 1799 περὶ
895 1708 1025 1796 τιμάων
1046 1715 1122 1778 inter
1137 1714 1209 1778 deos
1224 1725 1253 1778 et
1267 1713 1385 1778 Titanes

220 1833 361 1887 certatum
377 1821 478 1885 hrisse.
505 1821 577 1884 lllurl
593 1838 712 1903 quoque
727 1828 848 1893 uretur,
863 1836 923 1900 quo
939 1819 1013 1882 <luce
1024 1818 1147 1881 Titanes
1162 1818 1270 1881 bellum
1286 1836 1386 1898 gesse·

220 1927 290 2001 rint,
310 1936 340 1989 et
359 1927 505 1988 Saturnus
525 1936 625 1988 utrum
646 1942 726 1986 nunc
745 1924 864 1987 ‹lemum
887 1943 903 1986 a
923 1923 982 1986 ulio
1005 1921 1152 1996 deiectus,
1171 1940 1209 1984 an
1229 1921 1286 1984 iam
1302 1929 1387 1984 antea

220 2047 309 2109 ηςηο
324 2026 469 2110 spoliatus
483 2027 533 2100 sit,
549 2046 606 2110 qua
624 2026 660 2089 rle
675 2045 707 2089 rc
722 2045 810 2109 quarn
826 2024 959 2088 diversae
974 2024 1083 2088 luerint
1097 2024 1297 2106 posteriorum
1310 2032 1387 2086 certe

220 2131 389 2206 sententiae,
405 2131 448 2194 rel
463 2132 522 2194 boo
534 2131 714 2194 documento
727 2138 782 2203 est,
797 2129 876 2211 quocl
889 2148 981 2212 quum
993 2128 1153 2210 Aeschylus
1165 2128 1195 2192 in
1207 2127 1387 2192 Prometheo

112 2227 114 2230 ’
222 2256 247 2299 r.
259 2236 318 2298 201
333 2254 398 2317 sqq.
414 2232 604 2314 similiterque
620 2233 818 2315 Apollodorus
838 2233 865 2306 l,
886 2232 920 2306 2,
946 2235 959 2294 l
989 2233 1095 2296 bellum
1117 2234 1193 2297 banc
1208 2231 1247 2295 ob
1267 2251 1387 2296 eausam
1450 2247 1451 2250 ’

221 2339 366 2403 exarsisse
380 2338 487 2412 dicant,
504 2337 585 2420 quocl
601 2337 648 2399 alii
664 2334 822 2418 imperium
838 2336 966 2398 Saturno
983 2344 1141 2411 serratum,
1156 2335 1203 2398 alii
1217 2334 1279 2397 lovi
1298 2333 1388 2397 tradi·

222 2451 285 2505 tum
301 2440 453 2515 voluerint,
468 2439 487 2503 ii
504 2448 615 2515 contra,
629 2456 707 2521 quos
719 2436 852 2520 Hyginus
867 2446 1004 2501 auctores
1020 2449 1164 2522 sequmuu
1179 2445 1234 2513 est,
1250 2436 1305 2500 lab.
1320 2437 1389 2511 150,

221 2546 338 2610 Titanes
353 2544 520 2628 posteriore
535 2545 655 2608 dearum
672 2553 814 2627 ternpore,
830 2563 921 2626 quum
937 2542 1048 2606 dudum
1064 2542 1174 2625 lupiter
1194 2540 1317 2624 imperio
1332 2560 1389 2623 po·

222 2650 291 2714 titus
307 2659 396 2725 esset,
411 2659 514 2713 contra
530 2670 598 2714 enm
615 2650 814 2713 insurrexisse
825 2653 998 2711 narrarunt*
1009 2649 1070 2724 5ο).
1098 2647 1199 2729 Neque
1211 2645 1305 2726 magis
1316 2646 1389 2708 euo-

222 2771 336 2827 oemur,
359 2771 504 2816 omnesne
523 2753 643 2818 Titanes
663 2763 766 2815 eontra
789 2750 887 2813 lovem
907 2749 1088 2824 bellaverint,
1111 2768 1148 2812 an
1168 2767 1239 2832 pars
1259 2757 1390 2812 tantum·

222 2857 326 2920 modo:
347 2876 415 2920 nam
431 2857 596 2931 Oceanum,
612 2857 741 2938 Tethyn,
756 2854 945 2929 Themidem,
962 2854 1182 2936 blnenrosqnen,
1198 2854 1309 2917 llheam
1325 2851 1390 2915 belli

222 2970 355 3042 expertes
377 2960 468 3023 brisso
487 2961 565 3024 nulla
586 2981 642 3023 uos
664 2961 771 3023 ‹liserla
792 2969 897 3041 poetae
916 2957 1161 3021 commemoratio
1183 2958 1251 3029 hoc,
1272 2953 1321 3017 ubi
1337 2973 1391 3036 par

223 3074 299 3139 erat,
315 3064 381 3126 loeo
397 3066 547 3139 aeluronet,
560 3065 613 3127 secl
629 3063 824 3146 colligendum
840 3076 886 3126 est
901 3082 935 3126 ex
951 3062 1062 3144 aliquot
1076 3060 1191 3124 indiciis
1206 3059 1272 3123 alibi
1288 3067 1390 3122 extan-

224 3169 313 3245 tibus,
329 3177 357 3231 et
371 3168 520 3251 plerisque
535 3168 653 3249 quibem
666 3178 736 3251 post
749 3168 859 3231 lenitam
871 3168 992 3230 ‹lemum
1004 3165 1070 3229 belli
1083 3164 1289 3228 narrationem.
1313 3162 1392 3224 llaec

224 3282 319 3336 autem
336 3272 398 3354 ipsa
415 3272 486 3335 nihil
501 3271 558 3335 nisi
575 3271 694 3335 Titanes
711 3272 739 3334 in
756 3271 926 3334 universum
943 3277 1101 3342 memorat,
1119 3268 1199 3330 nullo
1215 3264 1391 3329 nominatim

224 3394 278 3439 nec
293 3375 391 3458 posito
408 3396 506 3460 neque
520 3385 658 3458 excepto:
680 3375 710 3439 in
726 3394 786 3458 equo
802 3375 887 3437 etiam
904 3374 973 3437 illud
989 3372 1106 3455 mirum,
1121 3371 1212 3452 quod,
1228 3386 1320 3451 quum
1335 3368 1390 3431 clu·

227 3479 340 3542 oleoim
364 3488 477 3543 tantum
500 3479 620 3543 Titanes
646 3500 662 3542 o
685 3478 839 3560 superiore
859 3477 1027 3540 narratione
1046 3473 1286 3555 cognoverimus,
1313 3490 1395 3535 nuno

228 3599 346 3660 magnas
366 3581 514 3664 utrimque
534 3582 649 3663 copias,
670 3600 766 3644 mares
787 3580 897 3662 pariter
916 3587 944 3642 et
965 3579 1103 3650 feminas,
1124 3597 1151 3638 v.
1165 3577 1242 3650 667,
1263 3576 1395 3657 adeoque

228 3683 363 3745 cohortes
379 3683 529 3758 Titanum,
544 3678 720 3770 φάλαγγας
734 3703 759 3745 r.
772 3683 845 3756 biti,
859 3684 1020 3765 procedere
1035 3681 1176 3744 videmus.
1207 3679 1292 3743 Unde
1306 3677 1395 3759 igitur

228 3786 299 3848 hace
317 3783 496 3847 multitudo?
526 3785 601 3848 Nam
622 3787 774 3848 cohortem
795 3805 832 3848 no
849 3797 911 3848 tum
927 3786 1046 3867 quidem
1062 3783 1252 3859 haberemus,
1276 3780 1302 3843 si
1317 3781 1394 3843 duo·

229 3887 322 3951 ‹lccim
343 3887 470 3950 universi
490 3889 642 3963 adessent,
668 3890 778 3951 nedum
799 3888 937 3951 detractis
957 3887 1102 3970 quinque,
1128 3895 1161 3948 ut
1179 3893 1294 3966 septem
1317 3884 1394 3946 barad

230 3987 354 4068 amplius
373 3987 590 4069 superstare).
624 3990 744 4055 liliosae
763 3990 852 4072 igitur
872 3990 1029 4070 significari
1045 3989 1175 4053 dicemus
1196 3987 1295 4051 neseio
1318 4004 1394 4068 quos

231 4108 300 4153 cunr
314 4089 465 4153 Titanibus
481 4093 669 4167 coniunctos,
683 4096 759 4158 velut
774 4094 930 4169 Atlantem,
946 4091 1123 4156 blenoetium
1140 4092 1209 4156 etsi
1224 4090 1291 4172 quis
1307 4107 1395 4171 prae-

300 4346 356 4410 ibe)
368 4347 411 4398 ste
422 4355 449 4400 et
461 4348 538 4400 schol.
552 4348 581 4401 ll.
594 4349 651 4419 XV,
662 4353 721 4404 2le

300 4431 343 4494 lb)
356 4432 440 4484 schol.
452 4431 516 4486 Vra.
529 4435 561 4486 sol
572 4434 602 4488 ll.
611 4435 680 4502 xlv,
693 4437 742 4489 att
755 4437 863 4507 quinque
872 4445 968 4491 tantum
978 4443 1105 4502 nument,
1117 4436 1219 4498 (loom
1232 4431 1330 4499 Grion,
1343 4428 1396 4502 ily·

231 4516 370 4584 prienen,
382 4516 525 4585 Saturnum,
537 4518 656 4588 lapsus,
668 4524 761 4576 onlsso
773 4523 874 4576 oestro
886 4522 1035 4592 ruinisque
1047 4521 1171 4575 ensibus.
