2962 4808
517 617 523 628 ἢ
620 516 683 583 233

74 721 141 765 cum
167 701 281 763 lilialrus
304 701 340 763 ad
361 701 492 783 Sipylum
519 704 686 785 confugisse
705 704 802 786 ibique
827 705 946 769 latuisse
969 713 1092 786 propter
1117 703 1238 766 Saturni

75 803 185 877 minas,
204 803 233 865 h.
250 821 276 864 e.
297 813 467 884 propterea,
486 805 565 887 quod
587 805 635 868 ille
653 806 734 879 liliis,
753 805 779 869 si
799 806 1068 887 «inimicarentur,
1086 805 1239 868 interitum

76 905 251 980 minabatur.
281 907 383 987 ltaque
398 906 484 980 illias,
502 916 650 971 maternae
665 911 749 990 iugae
763 909 872 980 socias,
888 927 950 972 non
966 908 1156 989 interemptas
1171 927 1240 971 esse
1269 963 1272 967 ,

75 1015 204 1089 apparet.
234 1008 276 1070 dc
295 1008 411 1071 luerunt
425 1009 527 1082 etiam,
544 1010 593 1092 qui
608 1010 659 1073 uni
674 1011 793 1083 harum,
809 1010 923 1083 lunoni,
939 1010 1092 1092 paruulum
1109 1010 1207 1073 lovem
1222 1029 1240 1072 a

77 1118 169 1172 matre
189 1109 327 1172 traditum
348 1130 413 1174 esse
427 1111 557 1174 dicerent
571 1112 778 1175 occultandum
792 1120 822 1174 et
836 1112 1057 1175 enutriendum¹
1069 1117 1109 1189 ο).
1140 1112 1241 1176 Eulae-

77 1230 178 1275 merus
204 1221 315 1286 autem,
342 1214 392 1295 qui
417 1215 493 1277 hanc
518 1213 643 1278 fabulam
664 1233 719 1278 suo
739 1235 824 1279 more
843 1216 873 1279 in
893 1234 992 1279 rerum
1010 1216 1047 1279 an
1068 1214 1241 1278 hominibus

78 1326 225 1396 gestarum
249 1315 471 1381 similitudinem
495 1317 678 1400 dillingebat,
703 1319 849 1401 pepigisse
873 1336 940 1382 eum
966 1320 1094 1381 Satiarno
1119 1320 1241 1381 fratrem

78 1419 141 1482 eius
162 1421 297 1484 Titanum
318 1422 403 1497 dixit,
428 1432 473 1497 ut,
493 1423 519 1486 si
539 1423 609 1504 quid
630 1421 791 1486 liberorum
810 1421 901 1486 virilis
921 1442 1009 1486 sexus
1029 1432 1132 1486 natum
1152 1430 1243 1492 esset,

79 1541 116 1586 ne
135 1523 286 1587 educaret:
307 1525 395 1606 igitur
414 1526 486 1589 filias
502 1526 635 1608 quidem,
655 1526 798 1589 lunonem
810 1536 840 1588 et
854 1526 1004 1601 Glauorm,
1022 1525 1119 1608 padam
1134 1524 1243 1588 educe·

80 1635 140 1704 tas3
155 1627 282 1690 liliorum
302 1637 398 1691 autem
419 1647 511 1692 unum
530 1629 763 1710 primogenitum
783 1648 817 1691 cx
834 1639 922 1708 paeto
941 1639 1093 1704 necatum,
1113 1637 1244 1701 eeteros,

81 1731 192 1805 lovem,
219 1731 403 1812 Neptunum,
425 1731 600 1804 l‘lutonem,
621 1732 785 1795 occultatos
804 1742 833 1793 et
852 1732 926 1794 elam
946 1732 1091 1794 enutritos
1110 1738 1191 1794 esso¹
1206 1735 1244 1805 Ι).

81 1834 178 1896 lovem
198 1833 245 1896 ille
264 1842 331 1896 ante
346 1832 516 1914 Neptunum
537 1843 565 1895 et
579 1834 736 1897 Plutonem
756 1833 871 1915 posuit:
892 1834 936 1896 sie
954 1833 1032 1896 enim
1049 1833 1245 1915 pragmaticae

81 1937 186 2000 rationi
207 1936 427 1999 convenientius
448 1945 524 2010 crat,
545 1945 590 2010 ut,
611 1935 660 2018 qui
681 1935 831 1999 maiestate
851 1935 989 1998 iratribus
1008 1934 1147 2016 superior
1160 1946 1249 2010 esset,

81 2040 167 2102 etiam
187 2049 258 2101 natu
277 2039 373 2103 maior
388 2038 551 2102 inniteretur.
567 2075 610 2086 -
626 2040 722 2102 Porro
738 2039 775 2101 de
789 2037 898 2119 lapide,
919 2056 1006 2118 quem
1028 2037 1175 2101 Saturnus
1191 2057 1248 2120 pro

83 2143 141 2205 lilio
161 2142 357 2224 deglutiverit,
378 2142 508 2223 plerique
523 2161 591 2205 cum
607 2141 736 2205 llesiodo
749 2141 934 2223 conspirant,
953 2140 1082 2222 exceptis
1097 2142 1250 2204 dumtaxat

83 2245 282 2326 pragmaticis,
298 2245 347 2325 qui
364 2246 506 2308 corliano
521 2245 646 2309 fabulam
663 2245 834 2328 spreverint,
849 2263 939 2307 nemo
955 2263 1017 2308 nou
1029 2244 1168 2325 intelligit
1197 2245 1249 2307 ln·

83 2358 129 2411 ter
147 2357 262 2410 ceteros
282 2349 414 2421 luerunt,
434 2349 485 2429 qui
506 2347 593 2412 simili
615 2368 651 2412 ac
669 2349 767 2412 lovem
788 2349 888 2412 fraude
907 2348 993 2410 etiam
1008 2347 1176 2428 Neptunum
1192 2347 1249 2409 Sa·

85 2461 174 2514 turno
190 2449 370 2514 subtractum
386 2451 606 2533 dicamusqe
622 2452 701 2533 pullo
717 2471 773 2534 pro
789 2460 875 2532 partu
888 2449 990 2512 uxoris
1001 2447 1144 2512 exlriliito:
1159 2449 1249 2532 idque

87 2556 195 2617 lactum
215 2572 282 2617 esse
298 2554 327 2618 in
343 2555 464 2618 Arcadia
478 2554 556 2637 apud
573 2557 685 2619 iontem
702 2556 862 2637 eluendam,
877 2556 974 2617 llrnen
989 2560 1250 2633 proptereanuca·

88 2667 160 2732 tuna,
175 2658 254 2738 quod
271 2656 310 2719 ibi
326 2657 481 2739 Neptunus
497 2658 572 2720 inter
586 2677 690 2739 agnos,
704 2657 753 2738 apd
769 2676 869 2739 graece
884 2648 979 2739 ἄρνες
989 2655 1134 2730 dicuntur,
1149 2657 1249 2720 occul·

88 2771 164 2823 tatus
185 2760 292 2837 sit12l.
323 2759 376 2823 dlii
396 2760 533 2824 Boeotiae
552 2761 656 2825 urliem
676 2761 774 2823 denen
794 2760 968 2840 appellatam
988 2758 1091 2820 volunt
1108 2758 1145 2821 ab
1159 2760 1251 2834 tirno,

86 2863 213 2945 Neptuni
227 2863 350 2937 nutrice,
364 2882 438 2945 quae
452 2863 610 2943 requirenti
626 2864 716 2926 lilium
729 2863 857 2923 Satumo
872 2862 1069 2942 abnegaverit¹
1082 2863 1122 2938 ³).
1145 2862 1252 2926 Levior

88 2965 235 3029 dissensio
252 2966 324 3028 haec
337 2975 390 3040 est,
406 2967 486 3046 quod
503 2966 532 3028 in
547 2965 657 3029 llusaei
672 2965 830 3046 theogonia
844 2966 955 3046 lupiter
968 2983 1072 3029 morus
1087 2975 1174 3029 natus
1189 2983 1251 3029 non

87 3069 209 3143 Terrae,
234 3079 267 3132 ut
286 3069 362 3151 apud
384 3069 561 3145 llosiodum,
585 3070 636 3132 sed
655 3068 791 3132 Tlremidi
813 3069 993 3132 tradebaturt
1006 3073 1051 3148 tl:
1071 3069 1141 3132 item
1161 3068 1251 3150 quod,
1271 3083 1287 3136 t

89 3193 179 3255 quum
196 3173 341 3236 llosiodus
357 3172 482 3255 lapidem
499 3174 628 3236 Saturno
644 3193 660 3236 a
677 3171 767 3236 Terra
782 3183 950 3255 porrectum
967 3173 1052 3245 «licat,
1067 3171 1154 3236 ceteri
1170 3172 1199 3234 id
1215 3171 1253 3235 alo

89 3276 152 3359 ipsa
167 3276 246 3339 Rhea
267 3279 375 3340 lactum
395 3296 461 3340 esse
475 3277 624 3349 dixemnt,
641 3276 671 3339 in
688 3277 794 3359 quibus
809 3276 895 3340 ctiam
912 3278 1049 3360 Orpheus
1064 3276 1157 3340 luisse
1171 3276 1254 3339 side·

91 3389 152 3455 lur,
172 3379 197 3441 si
218 3380 287 3460 quid
304 3380 427 3444 Tzetzae
442 3381 602 3456 credimus,
623 3380 782 3462 Orpirieam
798 3380 924 3445 lalaulam
940 3379 977 3444 ab
991 3380 1122 3444 llesiodo
1138 3379 1255 3462 compi·

89 3483 176 3546 latam
201 3492 230 3544 et
253 3495 420 3565 corruptam
446 3505 513 3548 esse
533 3482 768 3561 criminantitll.
803 3483 888 3548 Unde
908 3493 1006 3546 autem
1026 3484 1152 3566 lapidem
1172 3484 1253 3547 illum

91 3585 170 3648 llhea
189 3586 384 3667 sumpsisset,
406 3607 497 3663 unus,
517 3586 598 3670 quod
618 3586 725 3662 sciam,
745 3586 918 3668 Agathocles
936 3585 1098 3649 memoriae
1112 3585 1255 3668 prodidit,

90 3687 294 3770 antiquitatum
314 3689 518 3772 Cyzicenamm
537 3689 676 3773 scriptor.
707 3689 735 3751 ls
755 3687 835 3751 enim
854 3688 983 3771 lapidem
1003 3688 1040 3751 de
1058 3688 1256 3752 Proconneso

143 3880 168 3888 -ι
184 3879 391 3890 ..α-...ι-ι-αι

162 3998 202 4061 11))
221 3997 311 4066 llygia.
323 3998 373 4050 iai.
388 3995 436 4049 139
447 4012 471 4064 p.
482 3996 541 4050 205.

142 4083 173 4222 1‚l
180 4083 203 4146 1)
222 4081 289 4134 llaec
300 4098 333 4135 cx
344 4083 476 4135 Euhemeri
489 4098 562 4136 sacra
573 4083 680 4138 tuum
696 4083 729 4138 ab
738 4084 819 4138 Ennio
829 4099 955 4138 corvem
964 4083 1112 4139 niemtm
1121 4100 1138 4137 ι
1146 4084 1259 4139 bema·

93 4169 130 4222 tio
165 4207 172 4222 .
186 4167 205 4221 l.
218 4167 283 4220 illul
300 4183 322 4219 e.
337 4168 376 4220 u.

162 4255 203 4322 12)
222 4254 329 4309 Peucen.
342 4250 408 4320 vm,
420 4253 444 4307 3.
456 4253 481 4307 2.

162 4341 203 4405 13)
221 4339 312 4395 Tacts.
323 4340 356 4392 nd
368 4339 493 4409 Lycoplr.
505 4356 532 4394 v.
542 4340 600 4394 314.

162 4427 203 4492 ll)
222 4426 351 4480 unuin.
364 4433 413 4479 cst
431 4441 454 4478 c.
466 4424 506 4477 13.
519 4427 598 4481 celiel.
610 4426 729 4482 Genu.
741 4430 816 4483 Aret.
827 4444 852 4498 p.
862 4427 897 4482 33
909 4428 980 4482 uite

163 4511 204 4578 13)
222 4515 262 4567 Au
273 4513 400 4583 Lycophr.
411 4509 505 4565 11333.
