2962 4808
775 439 816 506 ts

214 625 313 690 liberis
327 627 473 691 «irroratis
488 646 652 713 rursusque
666 632 767 696 eiectis
782 632 913 696 llornrro
929 632 1059 713 ignotam
1075 633 1175 696 luisse.
1205 630 1266 695 Nee
1281 630 1379 693 minor

214 741 259 793 cst
273 731 425 813 utriusque
439 744 544 813 poetar
558 734 704 798 dissensio
721 737 758 799 de
770 736 847 800 loris
859 736 1012 817 coniugiis.
1042 737 1114 801 Nam
1127 738 1204 820 apud
1217 735 1377 798 llesiodum

213 832 323 915 iupiter
334 834 459 917 primam
477 838 565 901 llrtiu
581 839 674 913 ducit,
696 841 783 922 idque
797 843 906 904 ioctmn
922 832 1056 904 videmus
1071 853 1277 923 posteaquam,
1298 848 1378 920 patro

215 937 342 1013 deiecto,
363 939 427 1021 ipse
442 960 541 1005 rrmm
558 943 669 1026 politus
685 954 743 1007 est:
759 945 904 1027 siquidum
920 956 949 1008 ct
971 941 1062 1007 θεῶν
1082 940 1240 1026 puericie
1261 950 1379 1025 aperta

214 1040 319 1106 dicitur
333 1042 386 1105 lias
401 1044 518 1126 nuptias
536 1054 671 1109 narrante
692 1066 718 1110 u.
734 1048 810 1124 886,
830 1057 860 1110 et
875 1068 944 1110 mox
959 1056 1167 1128 praegnantem
1183 1047 1270 1110 lletin
1287 1049 1377 1109 ‹iero-

214 1154 268 1217 rat,
282 1165 319 1208 ne
330 1166 453 1229 rrgrmm
466 1149 522 1213 silai
534 1171 549 1213 a
561 1151 630 1227 silio,
641 1172 729 1233 quem
743 1154 872 1235 paritura
884 1161 970 1225 esset,
984 1150 1132 1233 eripiatur,
1147 1171 1173 1212 r.
1190 1150 1262 1214 892.
1289 1150 1377 1213 [lein-

213 1269 283 1332 rrps
298 1250 480 1329 Themidcm,
492 1255 691 1338 Eurynomen,
701 1255 844 1330 Cererem,
860 1256 1080 1336 Mnemosynen,
1093 1254 1246 1325 latonam
1258 1264 1377 1334 postre-

213 1368 291 1415 mam
312 1363 410 1417 autom
432 1358 565 1420 onmium
586 1358 729 1421 lunonem
750 1359 806 1420 silri
827 1357 953 1438 eoprrlat.
988 1357 1096 1419 Contra
1116 1355 1193 1437 apud
1215 1355 1377 1417 llomerum

213 1455 357 1519 lunonem
379 1458 435 1523 iarn
455 1468 517 1522 turn
534 1463 687 1544 amplexus
703 1481 769 1525 csso
783 1461 903 1536 dicitur,
923 1479 1013 1542 quum
1034 1459 1122 1522 aurlro
1143 1459 1239 1521 adlruc
1252 1457 1308 1519 suh
1323 1477 1377 1539 pa·

214 1569 298 1623 terno
314 1560 441 1643 imperio
462 1573 577 1628 usserit:
599 1586 686 1647 ηιιιιιιι
709 1565 748 1628 oli
768 1586 885 1629 causam
907 1565 1005 1628 lurtim
1027 1563 1240 1634 concumbunt,
1260 1553 1379 1648 φίλους

212 1657 358 1728 laudm
379 1663 509 1753 τοκῆας,
525 1669 555 1732 ll.
568 1669 642 1743 xtt',
654 1668 726 1732 296.
751 1669 787 1732 Et
798 1669 940 1731 lunonem
957 1668 1013 1730 suli
1029 1666 1131 1730 matris
1145 1664 1277 1728 custodia
1289 1665 1377 1726 etiam

213 1787 249 1828 eo
265 1777 399 1852 tompore
415 1791 481 1834 csse
496 1771 637 1845 uirlmuus,
652 1793 743 1853 quum
760 1783 872 1853 patrum
889 1773 997 1853 lupitru
1013 1771 1121 1833 doiirit:
1137 1789 1206 1832 nam
1223 1786 1376 1831 commen·

196 1872 310 1934 'elatam
331 1893 397 1937 sose
416 1882 485 1936 tum
503 1895 519 1936 a
536 1875 614 1938 lllrra
631 1876 738 1938 (lucani
761 1886 791 1938 et
805 1877 925 1958 Telluris
943 1875 1048 1937 tutelae.
1063 1894 1128 1935 esse
1149 1874 1213 1954 ipsa
1230 1881 1377 1935 memorat

215 1973 244 2037 ll.
262 1974 333 2050 xit,
348 1975 420 2039 202
451 1978 538 2053 Quod
550 1988 647 2040 autem
659 1988 769 2040 ueteres
785 1979 903 2060 quidum
920 1978 1093 2058 interpretes
1103 1981 1117 2020 ⁰
1127 1980 1155 2051 ἲ)
1172 1984 1241 2056 post
1253 1974 1375 2038 lurliros

213 2077 280 2139 illos
295 2097 488 2159 congressus,
508 2079 619 2143 deiecto
637 2080 692 2142 iam
714 2082 743 2143 iu
757 2081 911 2144 Tartarum
928 2082 1070 2149 Saturno,
1091 2078 1176 2140 ctiam
1190 2078 1283 2140 iustas
1295 2078 1375 2139 sole·

213 2199 356 2262 niuesque
371 2183 489 2263 nuptias
505 2181 661 2245 celebratas
678 2204 745 2246 osso
761 2186 871 2256 uolunt,
888 2186 1005 2245 tlcuano
1021 2192 1050 2243 et
1064 2182 1175 2262 Trtlrpe
1190 2182 1378 2262 desponsan-

214 2283 305 2358 tibus,
331 2283 416 2365 idque
433 2294 607 2365 comparant
632 2304 700 2348 curu
722 2286 891 2347 Samiorum
912 2303 1009 2355 rurore,
1033 2295 1067 2346 ut
1086 2282 1251 2364 precisum
1272 2283 1376 2366 puellis

213 2386 375 2451 clanculum
397 2397 463 2452 ante
484 2389 601 2468 nuptias
621 2388 863 2450 concumberent:
885 2398 929 2450 est
950 2387 1017 2449 illud
1034 2386 1151 2467 qnidrru
1167 2386 1244 2448 lraml
1261 2387 1376 2468 impro-

211 2490 315 2564 babile,
333 2491 457 2554 tabulam
470 2490 597 2553 diuinam
609 2491 646 2552 ad
658 2490 879 2553 similitudinem
891 2489 1010 2552 immani
1027 2489 1119 2551 moris
1131 2491 1285 2551 contietam
1300 2509 1377 2561 esse,

211 2612 307 2674 neque
321 2603 417 2655 tanuen
433 2595 542 2655 srrllrcit
556 2592 591 2655 ad
608 2593 836 2669 conciliandum,
858 2593 1107 2674 queamdmodum
1123 2590 1160 2652 iili
1177 2591 1288 2663 solunt,
1308 2610 1376 2653 cum

211 2696 341 2758 Hesiodo
361 2696 532 2758 llomerum.
568 2695 642 2757 llam
663 2695 687 2757 si
709 2716 796 2777 quam
817 2697 961 2759 rationem
983 2696 1133 2777 plrpsiram
1155 2694 1223 2755 lmic
1242 2695 1279 2755 dr
1299 2694 1376 2756 lovis

212 2799 393 2880 lunonisque
412 2799 522 2883 inquiis
543 2798 655 2861 salsulae
674 2799 816 2863 inclusam
835 2820 902 2862 esse
922 2799 1128 2868 concedimus,
1153 2796 1180 2858 id
1205 2797 1285 2877 quod
1305 2814 1377 2858 sane

211 2902 432 2964 concedendum
456 2911 515 2975 est,
539 2902 642 2964 carlom
667 2903 758 2977 ratio,
782 2921 839 2983 qua
859 2901 968 2982 iupiter
992 2898 1089 2961 statim
1111 2897 1281 2960 adolescens
1307 2916 1374 2959 cum

211 3003 323 3068 lunone
352 3023 529 3085 congressus
558 3025 624 3067 osse
654 3005 830 3087 fingebatur,
859 3021 920 3065 non
946 3000 1108 3082 patirlratur
1137 3000 1228 3062 instas
1258 3001 1376 3080 nuptias

158 3115 190 3168 at
212 3116 270 3171 taur
290 3108 340 3172 diu
363 3109 486 3182 dilimri,
511 3107 693 3188 interpositis
719 3116 763 3169 tot
788 3106 851 3168 aliis
875 3102 1035 3184 coniugiis,
1059 3101 1215 3182 liberisque
1241 3102 1374 3183 plurimis

212 3211 368 3294 susceptis.
404 3211 533 3275 llostalrit
553 3211 654 3292 igitur,
674 3221 707 3273 nt
726 3213 792 3272 cuni
813 3209 876 3271 aliis
896 3206 1071 3290 quibusdam
1092 3203 1237 3267 ueteribus
1253 3199 1377 3288 τοκῆας

212 3312 274 3388 illo,
295 3333 382 3395 quem
398 3314 563 3389 citavimus,
584 3313 650 3376 loco
671 3331 732 3376 non
753 3313 790 3375 de
804 3312 990 3394 pafnutium,
1010 3310 1137 3371 Saturno
1158 3316 1187 3369 et
1206 3306 1301 3378 lilrea,
1323 3305 1375 3367 sed

213 3415 397 3497 depromis,
426 3420 545 3482 Oceano
571 3426 599 3480 et
622 3417 746 3499 'l'otlrpe,
776 3415 964 3496 accipiamus.
1004 3411 1045 3474 lta
1071 3429 1142 3474 sane
1168 3427 1230 3473 non
1259 3409 1376 3473 difficile

212 3519 266 3580 orit
284 3519 498 3586 dissensionem
518 3520 604 3585 istam
621 3537 814 3601 componere:
836 3517 1001 3600 poterimus
1021 3516 1098 3578 enim
1118 3523 1148 3577 et
1162 3513 1375 3576 clandestinum

213 3621 301 3684 istum
317 3625 504 3689 concubitum
520 3636 550 3688 et
568 3624 754 3707 subsequens
774 3622 995 3687 matrimonium
1017 3618 1134 3683 cuilibet
1152 3617 1287 3699 quamuis
1307 3636 1374 3680 sero

213 3727 337 3808 tempori
357 3727 515 3809 assignare.
551 3728 661 3792 l'ereor
684 3737 781 3790 manen
806 3743 1000 3808 magnopere,
1026 3732 1058 3786 ut
1082 3724 1154 3785 lraec
1173 3720 1373 3804 interpretatio

212 3915 501 3933 Μ..-

280 4017 321 4081 di)
334 4019 418 4072 Sclrol,
431 4021 456 4073 u.
469 4021 498 4074 1..
512 4022 556 4075 V.:
568 4019 662 4095 λάθρη
674 4022 772 4093 ἐμίγη,
785 4014 831 4073 ὅτε
843 4016 874 4072 dl
887 4010 1069 4086 druprnpu'tq
1082 4009 1098 4067 ὀ
1112 4008 1231 4082 Κρόνος,
1248 4008 1286 4069 uir
1298 4030 1372 4083 nap-

212 4102 297 4162 θίιος
312 4100 507 4175 ὑπονοουμένη
523 4103 641 4175 ἱέιδόθη
660 4108 709 4162 Ad
728 4101 806 4177 nupsi
825 4097 939 4170 Τηθύος
957 4102 1003 4153 uui
1020 4094 1163 4154 Ὠκεανοῦ.
1177 4125 1213 4137 -
1228 4091 1308 4149 ἄλλοι
1324 4094 1373 4152 τὸν

212 4190 270 4242 Ara
285 4189 375 4260 quoia·
389 4187 420 4244 ir
438 4185 528 4262 Σάμῳ
544 4187 637 4262 icidpq
654 4194 710 4245 rain
725 4191 833 4262 μσνίιυν
849 4183 1104 4258 ἀποπαρθινιῡσιιι
1123 4176 1286 4251 τηνἭηαν,
1304 4176 1374 4237 ὅθεν

211 4269 317 4346 Σάμιοι
329 4269 530 4346 μνηστεύοντες
541 4272 681 4350 adsertique
689 4271 783 4348 λάθρη
794 4274 1032 4346 συγκομίζουσιν,
1045 4268 1104 4324 sira
1113 4268 1259 4340 nudqlqolq
1269 4262 1373 4321 θύουσι

211 4355 276 4419 τοὺς
286 4357 403 4431 γάμους.
428 4361 537 4428 Terias
548 4352 599 4416 οὖν
610 4357 675 4422 τούς
686 4363 751 4434 napi
764 4357 881 4434 Χρόνον
891 4358 938 4413 rud
948 4353 1034 4411 'Pt‘rm
1054 4355 1122 4412 irim
1136 4352 1167 4408 dl
1185 4348 1251 4412 roric
1267 4348 1374 4424 προγό-

209 4462 284 4512 νους,
297 4439 363 4504 roric
374 4445 438 4517 aspi
449 4438 585 4500 Ὠκεανὸν
595 4447 640 4499 uad
655 4441 762 4515 Τηθύν.
1156 4464 1160 4473 ’
