2962 4808
688 315 745 379 189

618 402 655 412 >0-
679 405 682 408 .
709 402 820 413 -.-ῃ

136 516 205 561 nom
224 506 258 561 ut
275 495 406 562 Echidna
421 499 574 582 superiore
592 513 675 586 perte
694 503 789 586 virgo,
813 503 926 566 interne
944 520 1068 585 ser-pem
1091 511 1152 576 est,
1177 501 1220 564 s‘lc
1239 500 1300 582 Tr·

138 604 251 684 phoeus
266 621 334 666 cum
350 604 490 668 memhris
505 606 640 670 humanis
660 606 754 688 capita
770 605 845 688 gerit
859 605 1037 688 serpentina,
1053 605 1196 667 -etiam
1212 613 1299 667 natu·

137 724 200 768 rrun
216 705 368 788 utriusque
388 709 514 772 monstri
533 728 596 773 non
610 710 782 773 dissimilem
798 709 898 773 haberi
914 729 1004 790 posse
1017 708 1218 790 corrmquitur.
1249 707 1299 770 Si·

138 809 255 888 gnificat
274 819 371 873 autem
386 811 546 894 Typhoeus
566 813 623 876 rim
643 832 778 896 magnam
794 831 954 895 raporum,
974 812 1024 895 qui
1044 811 1074 875 in
1095 822 1190 874 terrae
1205 810 1282 873 risco

139 911 220 976 ribus
237 912 329 994 gigni,
347 926 593 998 erumpentesque
613 917 773 980 multorum
794 935 882 998 saepe
901 924 928 978 et
950 933 1125 996 magnorum
1142 914 1299 981 oratorum.

139 1015 347 1099 procellarum,
362 1019 520 1094 vorticum,
536 1029 716 1102 presterum,
731 1019 881 1083 turbinum
898 1018 1050 1101 igneorum
1067 1028 1218 1101 terraeque
1233 1038 1300 1081 ruo·

140 1130 222 1183 tuum
247 1139 354 1185 causae
378 1142 445 1186 esse
469 1123 676 1188 credebantur:
705 1143 864 1206 pommque
882 1123 1030 1187 Echidnae
1054 1121 1299 1202 significationem

138 1242 204 1286 esse
218 1231 248 1287 et
258 1232 369 1289 veteres
384 1225 558 1310 interpretes
573 1237 603 1291 et
616 1226 796 1291 recentiores
812 1225 1024 1290 intellexeruut.
1051 1224 1134 1290 l'elut
1149 1225 1242 1290 schol.
1258 1224 1300 1289 th.

138 1328 174 1390 ud
193 1348 219 1393 r.
235 1327 298 1391 rut
318 1349 382 1394 eam
403 1329 432 1393 in
452 1351 523 1396 cnro
543 1352 633 1415 specu
653 1342 752 1396 natam
774 1330 845 1394 dicit
871 1326 930 1395 deci
951 1327 991 1394 τὸ
1009 1326 1056 1417 μη
1078 1321 1209 1394 λείπειν
1229 1320 1301 1394 ἀπὸ

139 1433 204 1494 coir
225 1426 345 1497 κοίλαν
365 1436 426 1521 τῆς
447 1432 507 1520 γῆς
527 1429 714 1519 πνείμοπα,
740 1425 895 1522 ὠμηστήν
915 1444 1027 1508 auteur,
1048 1436 1125 1498 adr.
1143 1435 1220 1509 3tttl,
1243 1427 1302 1497 deci

140 1531 179 1598 τὸ
201 1526 326 1623 ἀπηνὲς
346 1535 412 1602 τῶν
433 1537 588 1620 σεισμῶν,
612 1533 767 1603 ποικίλον
781 1541 906 1622 denique
921 1534 981 1602 διὰ
1003 1534 1043 1602 τὸ
1058 1531 1225 1625 διάφορον
1244 1535 1304 1623 τῆς
1328 1554 1361 1604 ta

139 1633 369 1725 κινηῗσειοςίῦ).
401 1641 590 1706 llcrmonnus
605 1653 701 1707 autem
712 1645 778 1720 Μ),
796 1644 862 1707 lieet
875 1642 1002 1724 argutari
1018 1642 1151 1706 rideatur
1166 1642 1195 1704 iu
1210 1633 1303 1724 Ἀρί-

138 1763 211 1823 μων
235 1743 368 1806 nominis
389 1743 642 1826 interpretatione,
662 1766 739 1828 quos
759 1746 981 1828 Turgetinos
996 1765 1063 1808 case
1081 1744 1154 1821 ruit,
1179 1765 1195 1808 a
1216 1744 1304 1807 rerho

141 1835 320 1928 αἴρεσθαι,
343 1845 412 1909 illud
433 1856 531 1911 tamen
552 1866 613 1911 non
629 1848 727 1931 inepte
741 1849 855 1926 statuit,
876 1850 970 1912 formo
984 1848 1133 1912 Echidnae
1147 1846 1305 1929 siguiliran'

144 1957 237 2011 terrae
256 1959 358 2012 motus
379 1970 550 2034 pressaeque
574 1952 744 2036 liquefactae
768 1962 912 2016 torrentes
932 1962 1068 2017 tortuoso
1088 1971 1177 2016 cursu
1198 1972 1306 2036 proce·

144 2053 247 2116 dentes
267 2065 296 2117 et
310 2055 436 2118 llammis
450 2056 555 2120 lucidis
571 2057 761 2141 conspicuos.
773 2092 816 2105 -
832 2060 967 2122 Ceterum
983 2059 1019 2121 de
1035 2057 1205 2142 parentibus
1218 2057 1306 2121 lichi-

145 2157 221 2220 dnac
235 2175 297 2220 non
313 2177 418 2223 omnes
433 2180 500 2224 cum
513 2161 644 2226 llesiodo
660 2163 861 2227 consentiunt
888 2162 960 2226 Num
973 2161 1163 2244 Epimenides
1178 2181 1242 2224 earu
1254 2160 1306 2223 l'i·

144 2271 228 2325 raute
241 2263 343 2325 nescio
359 2282 419 2344 quo
434 2272 464 2327 et
478 2265 566 2346 Styge
580 2277 753 2347 prognatam
770 2267 856 2329 lecit*
867 2269 913 2344 ⁰),
932 2266 978 2329 alii
993 2275 1106 2341 autem,
1121 2285 1197 2348 quies
1212 2265 1307 2345 hpol·

145 2365 267 2428 lodorus
282 2365 428 2448 sequitur,
441 2367 494 2445 (ll,
511 2369 539 2443 1,
555 2367 584 2443 2,
599 2369 640 2445 5,)
657 2368 773 2432 Tartari
787 2379 817 2433 et
830 2368 936 2432 Terrae
951 2369 1037 2431 tiliam
1053 2368 1202 2442 dixerunt,
1217 2386 1308 2431 soro·

145 2486 207 2530 rem
224 2468 320 2550 itaque
335 2469 467 2552 Tpplroei
487 2489 671 2552 germananu
691 2490 841 2554 quurnque
860 2472 896 2534 ah
911 2471 1041 2534 llcsiodo
1058 2491 1082 2533 r.
1096 2472 1157 2534 305
1173 2460 1309 2535 α’θιίνα-

145 2592 203 2650 τος
217 2572 330 2636 dicatur
344 2568 401 2638 καὶ
423 2564 569 2661 ἀγήραος
590 2564 701 2661 ἤματα
723 2568 843 2653 πάντα,
866 2575 911 2638 ille
926 2594 990 2638 eam
1006 2574 1163 2657 aliquando
1176 2575 1213 2637 ah
1228 2578 1307 2657 Argo

146 2676 350 2760 interemptam
363 2697 430 2740 esse
442 2688 594 2742 memorat
621 2676 683 2741 Nisi
695 2679 761 2761 quis
776 2678 1022 2742 hancEchidnam
1038 2678 1074 2743 ah
1085 2677 1131 2741 illa
1143 2677 1308 2762 Phorcynis

147 2780 203 2843 tilia
217 2779 356 2863 distingui
371 2780 478 2846 dehere
493 2783 599 2846 credat.
630 2783 687 2846 Sed
704 2782 829 2847 duhitmi
845 2792 943 2846 tanuen
958 2802 1020 2847 non
1036 2794 1147 2865 potest,
1162 2781 1198 2844 ad
1214 2783 1308 2864 sigui·

146 2885 310 2948 licationcm
327 2886 487 2962 Echidnae,
503 2887 618 2969 qualem
633 2887 862 2970 proposuimus,
879 2889 935 2950 hos
949 2896 1085 2969 parentes
1107 2887 1219 2970 optimu
1233 2905 1308 2950 cou-

147 2989 258 3067 renire,
277 3001 306 3055 et
325 2991 418 3073 magis
439 2991 525 3054 etiam
547 3011 634 3075 quam
651 2993 834 3075 Phorcynom
855 3001 884 3055 ct
897 2992 976 3055 cetu
1007 2992 1082 3056 h'am
1098 2991 1217 3074 nequis
1233 2994 1310 3054 lorte

146 3113 287 3176 uquarum
303 3115 360 3159 nos
376 3095 633 3160 suhterranearum
652 3095 823 3173 admoneat,
843 3115 967 3179 quarum
987 3096 1168 3159 exhalatione
1184 3115 1310 3178 raperes

147 3198 186 3261 illi
214 3199 402 3263 vehementes
427 3209 458 3263 et
482 3199 640 3283 perniciosi
670 3200 839 3282 gignantur:
870 3201 1096 3265 subterraneum
1122 3201 1310 3283 l‘horcpnem

165 3376 415 3384 .-ο-μιῇ,-

219 3477 261 3544 38)
272 3477 316 3530 llis
329 3478 402 3547 plano
411 3477 508 3543 gemina
520 3477 596 3529 habet
606 3475 692 3529 loona.
703 3476 806 3528 Diaeoo.
820 3492 843 3544 p.
854 3475 916 3528 tul:
930 3469 1122 3545 τηνἼῑχιιίιάν
1133 3472 1164 3527 ίν
1175 3474 1311 3547 γλαιηιηιηῖ

149 3564 277 3632 σπηλαίῳ
290 3559 448 3629 ἀποτίκτει,
472 3558 504 3615 τὸ
522 3555 611 3633 ἥμισυ
624 3560 679 3634 μίν
692 3566 823 3631 γυναῖκα,
841 3556 873 3613 τὸ
886 3555 973 3631 λη’μισυ
990 3556 1097 3632 δ’ὅιμιν
1111 3551 1202 3615 οὖσαν
1215 3566 1311 3614 ποιαί·

150 3650 211 3715 λον,
229 3644 373 3719 ὠμηστήν,
392 3643 522 3721 παρόσον
538 3647 568 3702 ίιι
584 3643 751 3719 πνευμάτων
768 3643 998 3718 ἀποκλειομένων
1014 3650 1074 3706 τοῖς
1089 3642 1245 3719 κοιλώμασι
1264 3649 1313 3715 τῆς

148 3735 200 3805 γῆς
216 3736 245 3787 ol
259 3730 421 3794 ίλαὺνοντες
435 3735 481 3786 καλ
497 3733 646 3793 dereiner
657 3729 708 3801 την
722 3734 776 3805 γῆν
787 3736 967 3786 συνίστανται
980 3735 1108 3805 σεισμοί,
1126 3728 1258 3794 οὕστινας
1275 3730 1312 3804 'dl

150 3817 199 3873 dui
209 3820 263 3892 μίν
272 3816 304 3875 τὸ
316 3823 364 3889 τῆς
375 3819 405 3874 ίν
414 3816 510 3881 αὐτοῖς
521 3821 606 3893 ξηρᾶς
617 3816 780 3894 reperietur
792 3814 935 3891 ιλνωιμιηίς
947 3813 1062 3890 νύμφην
1072 3815 1230 3874 trundum«
1241 3817 1313 3874 ιιατίι

150 3904 182 3960 τὸ
194 3901 252 3962 ἄνω
263 3909 351 3980 μέρος
363 3902 378 3976 λη
391 3903 546 3980 αὐτονομία
559 3902 726 3975 νἠἘλληνιιτη
740 3899 961 3978 προσηγόρευσε,
974 3901 1023 3959 dui
1035 3905 1066 3960 dl
1079 3902 1111 3960 τὸ
1122 3903 1251 3962 miro-'lev
1264 3905 1315 3976 την

150 3990 282 4062 τοιαύτην
293 3985 488 4068 ἀναθυμίασιν
499 3989 631 4066 ῥοιζηδὸν
641 3993 833 4050 tunctorum
844 4020 880 4033 —
890 4021 927 4033 -
944 3987 1014 4065 ὅιμν
1026 3987 1161 4065 ὠμηστὴν
1172 3989 1315 4067 ὀνόμασι.

219 4082 262 4148 39)
275 4083 367 4152 θμυιε,
378 4081 400 4134 ll
412 4099 437 4150 p.
449 4082 506 4134 18¹.

218 4171 262 4236 te)
274 4169 382 4223 Ρειιιτιι.
391 4168 456 4238 Vlll,
468 4168 507 4235 ts,
522 4169 549 4222 l:
559 4165 741 4239 Ἐπιμενίδης
752 4162 768 4220 ὁ
780 4161 859 4239 Κρὴς
870 4163 940 4221 ιίναι
952 4165 1007 4239 μίν
1017 4167 1065 4220 nel
1077 4152 1160 4226 οὗτος
1171 4169 1316 4242 θυμιαίηα

149 4251 284 4312 Ὠκεανοῦ
299 4253 350 4325 τὴν
360 4249 455 4327 Στύγα
467 4252 593 4322 ίποίησε,
604 4255 746 4309 συνοικεῖν
756 4250 789 4306 δὲ
801 4245 888 4321 αὐτὴν
899 4247 934 4306 eri
944 4249 1102 4320 Πάλλαντι,
1121 4249 1192 4310 ἄλλα
1203 4254 1234 4310 λιι
1246 4259 1316 4311 Πτί-

151 4337 394 4415 (ιανιοςἜχιδναν
404 4345 501 4412 τινοῖν,
512 4334 591 4400 ὅστις
601 4336 638 4409 δὴ
649 4335 667 4395 ὁ
678 4342 784 4410 Πιίρας
794 4337 881 4394 ίστίν.
