2962 4808
780 511 839 574 tad

232 718 303 779 operae
318 696 519 778 interpretatio
534 697 665 778 quamvis
680 707 763 761 acute
778 699 939 779 excogitata
955 699 1003 773 sit,
1018 699 1076 762 hoe
1090 708 1188 763 tamen
1201 697 1389 761 manifestum

232 811 286 871 est,
302 810 464 862 ceterarum
481 799 662 863 Graecorum
678 801 827 864 neminem
842 821 973 883 eneruem
988 802 1059 867 tales
1073 813 1123 866 aut
1138 802 1259 883 Erinyes
1274 809 1324 865 aut
1338 801 1390 863 Gi·

149 916 151 921 ’
231 913 332 982 geistes
347 916 397 966 aut
407 902 507 966 dlelias
524 905 669 986 npttplras
681 906 836 986 cogitasse,
848 906 1131 988 fundamentumque
1143 905 1232 969 lmius
1245 905 1389 987 mlemre-

231 1006 347 1067 tationis
367 1005 443 1068 aliud
464 1006 575 1068 nullum
595 1027 675 1080 esse,
700 1027 788 1089 quam
809 1009 887 1089 ‹prrod
909 1009 1053 1073 rationem
1072 1011 1219 1091 quandam
1239 1008 1390 1091 physicam

232 1128 319 1171 unam
334 1108 449 1190 sibique
467 1128 629 1189 congruam
650 1110 732 1173 omni
753 1111 821 1174 lmie
835 1111 996 1175 narrationi
1012 1113 1155 1176 inclusam
1170 1132 1237 1175 esse
1252 1130 1391 1193 sumpse-

231 1221 306 1274 runt.
341 1212 428 1293 tltqtti
449 1223 558 1275 uerrere
578 1213 636 1276 ltoe
654 1224 806 1295 srrtttptum
827 1236 893 1277 esse
913 1225 1043 1297 eriperet,
1064 1215 1090 1278 si
1110 1217 1208 1297 ipsum
1228 1213 1391 1277 Hesiodum

232 1335 291 1377 nou
307 1315 483 1379 intellexisse
500 1316 661 1378 lalmlarum
678 1317 909 1397 sigtritiratiottes
929 1321 1062 1383 latemur.
1097 1317 1171 1382 Nam
1187 1317 1211 1380 si
1228 1335 1290 1381 non
1305 1316 1391 1381 intel·

232 1420 312 1492 lesit,
327 1421 396 1502 quid
417 1419 536 1482 obstare
551 1420 661 1501 potuit,
676 1421 837 1503 ‹puorrtittus
853 1421 938 1484 etiam
955 1441 1004 1485 res
1019 1432 1069 1485 aut
1084 1439 1228 1504 personas
1243 1421 1329 1503 plane
1344 1421 1391 1484 di·

232 1525 305 1588 rersi
321 1524 451 1605 gesseris,
467 1544 558 1605 epitom
573 1524 697 1588 similem
714 1526 749 1587 iis
765 1525 907 1605 originem
924 1525 954 1588 iu
969 1525 1075 1590 labelis
1091 1525 1180 1589 tribui
1196 1524 1314 1598 virtores
1330 1544 1391 1588 uno

231 1628 393 1710 eodemque
413 1629 478 1692 loeo
498 1629 637 1692 earndnis
657 1627 857 1693 ntenroraretl
887 1629 1047 1712 llepudieta
1062 1629 1151 1711 igitur
1166 1629 1219 1691 liae
1236 1648 1391 1710 praesum-

232 1732 332 1812 ptione
346 1731 434 1794 etiam
450 1752 569 1794 onmem
586 1732 672 1795 istam
689 1733 958 1814 interpretationem
973 1732 1129 1796 concidere
1144 1749 1267 1794 neeesse
1277 1743 1332 1807 est,
1346 1731 1392 1794 lo-

232 1854 359 1915 cumque
374 1835 435 1896 lieri
450 1835 545 1908 alteri,
565 1853 652 1916 epotam
673 1853 729 1897 nos
748 1853 837 1897 unam
853 1855 949 1898 rerum
970 1844 1000 1897 et
1013 1842 1122 1897 rectane
1138 1854 1204 1896 esse
1219 1833 1393 1907 iudicamus,

233 1947 266 1999 ut
284 1937 353 2018 quid
374 1937 538 2016 signilieent
557 1935 618 2000 illae
638 1936 749 1998 ludulae
763 1936 906 2017 explicare
925 1956 958 1998 ex
980 1936 1015 1998 iis
1035 1953 1191 2010 conemur,
1211 1955 1285 2017 quae
1304 1936 1393 1999 certis

232 2039 411 2120 antiquitatis
437 2038 614 2100 testimoniis
639 2049 669 2101 et
693 2038 808 2102 indiciis
833 2039 947 2121 cognita
974 2038 1059 2101 uoltis
1085 2048 1115 2101 et
1139 2047 1290 2120 comperta
1313 2048 1392 2102 sunt

234 2142 317 2204 llaec
334 2142 430 2221 imque
449 2141 524 2203 siant
544 2141 668 2220 ingressi
687 2140 756 2222 qrtiel
778 2141 814 2202 de
830 2140 874 2202 illa
894 2140 1001 2203 Terrae
1021 2140 1123 2203 subole
1139 2139 1326 2203 statuendum
1345 2139 1393 2213 sit,

233 2241 406 2305 silebimus:
421 2262 455 2305 ee
470 2243 599 2324 prietum
615 2240 735 2322 quidem
751 2242 788 2303 de
803 2241 940 2323 npuplds
956 2242 1057 2304 lleliis.

319 2344 379 2407 llas
399 2364 453 2406 cur
467 2343 629 2418 licerinas,
649 2343 678 2404 lt.
694 2363 719 2405 e.
736 2343 882 2406 societatis
901 2363 1000 2407 rerum
1020 2353 1049 2406 et
1064 2345 1239 2407 concordiae
1255 2343 1394 2408 eoncilia·

234 2445 320 2509 triers
335 2445 518 2527 interpretari
532 2445 671 2519 nolittms,
686 2464 720 2508 ex
736 2445 772 2507 iis
788 2464 863 2525 qttae
878 2445 968 2508 modo
980 2445 1107 2509 diximus
1119 2457 1253 2529 apertum
1265 2456 1321 2517 est,
1336 2446 1394 2509 iet-

234 2547 425 2630 probavitque
447 2547 524 2610 ltane
542 2547 811 2628 interpretationem
832 2548 920 2611 etiam
940 2550 1118 2621 Creuzerus,
1145 2548 1393 2631 locupletissimus

233 2670 351 2731 graecae
365 2650 559 2732 nptntogiao
573 2660 685 2726 auctor,
701 2651 731 2713 in
745 2650 878 2732 epistolis
894 2652 931 2713 de
942 2653 1070 2714 llomero
1085 2660 1115 2712 et
1126 2650 1256 2715 llesiade
1269 2652 1305 2715 ad
1317 2652 1393 2715 ller-

235 2772 375 2817 mannmn
396 2753 559 2834 seriptis1).
589 2755 648 2817 Sed
664 2773 737 2836 errae
752 2754 816 2835 ipse
832 2755 875 2816 vir
889 2754 1080 2817 doctissimus
1096 2753 1133 2814 de
1147 2754 1239 2816 lleliis
1254 2754 1394 2836 nymphis

233 2858 373 2941 elispttlat,
395 2857 424 2919 in
440 2857 486 2919 ltis
502 2858 559 2920 ltoe
574 2875 666 2920 unum
682 2856 799 2937 (pridem
816 2874 998 2936 rrragnopere
1008 2855 1180 2936 probamus,
1196 2856 1277 2937 qrrod
1288 2856 1393 2934 noluit,

233 2980 300 3023 euru
316 2960 500 3034 llermanno,
519 2969 648 3022 veterum
669 2959 862 3040 interpretum
883 2958 1049 3022 testimonia
1065 2956 1234 3040 labulastpre
1249 2960 1286 3022 de
1302 2959 1394 3022 lleliis

233 3063 350 3126 traditas
365 3081 490 3143 prorsus
506 3062 664 3143 negligere:
679 3072 808 3124 ceterum
824 3070 901 3124 recte
912 3080 980 3122 euttt
992 3059 1036 3122 vel
1049 3059 1224 3123 testimoniis
1237 3060 1293 3123 illis
1306 3080 1394 3124 usum
1419 3137 1423 3144 ι

232 3186 299 3229 esse
318 3164 360 3228 rel
380 3164 543 3227 lalrularum
558 3164 701 3228 rationem
718 3163 905 3245 perspexisse
920 3181 982 3225 non
996 3163 1170 3225 adducimur
1183 3172 1215 3226 ut
1230 3164 1394 3228 credamus.

232 3269 376 3333 Nimirum
393 3267 489 3331 olleoit
504 3267 573 3330 lmic
586 3286 703 3350 «poaque
718 3267 820 3330 eadem
840 3286 915 3348 quae
925 3266 1095 3329 llennanno
1112 3265 1280 3347 persuasio,
1295 3275 1328 3329 ut
1343 3285 1395 3329 eo·

233 3373 420 3454 ostrogouicas
431 3372 573 3453 quasdam
585 3380 745 3451 potestates
757 3369 914 3451 signiticari
926 3371 1066 3444 erederet,
1081 3388 1205 3450 tpuarum
1217 3369 1260 3432 tis
1272 3369 1302 3432 in
1315 3369 1396 3432 omni

233 3493 331 3537 remm
351 3484 456 3537 natura
474 3473 530 3536 late
549 3483 661 3554 pateret
675 3474 756 3537 etad
771 3474 1006 3536 conservandum
1021 3491 1090 3536 eum
1104 3481 1213 3535 statum
1229 3471 1396 3554 pertineret,

235 3575 284 3656 qui
304 3576 334 3638 in
352 3574 455 3638 mundi
470 3574 656 3656 primordiis,
675 3584 832 3656 postquam
848 3573 1048 3638 immoderatis
1064 3573 1143 3638 Coeli
1158 3573 1396 3654 generationibus

235 3679 302 3742 linis
323 3678 482 3759 impositus
503 3678 569 3753 luit,
593 3677 761 3742 landandus
782 3678 812 3741 in
833 3688 987 3760 posterum
1007 3687 1094 3759 atque
1114 3677 1306 3741 stabiliendus
1325 3686 1396 3741 erat

235 3780 332 3862 ltaque
347 3798 402 3842 ner
416 3779 574 3843 llaturinas
590 3780 652 3844 illas
669 3799 725 3844 nee
739 3779 885 3843 Genitales
899 3799 1040 3861 spernere
1054 3799 1144 3844 ausus
1159 3789 1215 3855 est,
1229 3781 1328 3844 llelias
1343 3798 1397 3844 au·

237 3890 295 3944 tem
314 3881 476 3962 significare
496 3883 599 3945 statuit
613 3881 670 3944 tim
685 3882 763 3946 illam
779 3881 980 3959 fecunditatis,
998 3903 1073 3965 quae
1088 3883 1225 3964 stirpium
1240 3891 1270 3947 et
1283 3883 1397 3946 aninra·

237 3981 306 4043 lium
322 3992 495 4064 proveetum
509 3985 624 4060 efficiat,
639 3984 711 4048 solis
726 3984 823 4049 calore
838 3992 867 4046 et
881 3984 1018 4048 humoris
1030 3985 1143 4049 nutrite
1155 3985 1292 4050 adiutam.
1315 3983 1399 4046 llanr

238 4153 245 4162 ι
256 4155 269 4161 -
310 4153 536 4165 um..-

309 4256 335 4321 1)
355 4255 438 4310 detero
456 4257 518 4310 tter
535 4258 627 4311 llotser
643 4260 693 4312 und
710 4257 848 4323 llesiodus,
864 4258 1013 4325 roniiglielr
1030 4258 1094 4311 iiber
1110 4257 1151 4310 die
1162 4255 1313 4323 Ttsorooto.
1343 4254 1398 4310 i'on

239 4339 269 4394 G.
280 4341 403 4395 llemsm
415 4359 441 4395 u.
453 4341 496 4396 l'r.
506 4343 619 4398 Creator
640 4344 767 4406 tlteitott.
783 4342 861 4409 rste)
874 4359 899 4413 p.
911 4342 959 4397 115
972 4360 1010 4412 sq.
1035 4344 1072 4397 Cf.
1087 4342 1199 4414 symbol.
1211 4359 1237 4395 a.
1250 4341 1361 4412 lupuit
1373 4358 1399 4412 p.

238 4427 289 4480 ltu
300 4429 340 4482 etl.
353 4427 377 4481 2.
400 4427 518 4482 &taren
530 4429 684 4483 llsrmnm
696 4430 751 4499 lpse
762 4435 852 4498 postes
862 4429 1015 4482 muntium
1028 4445 1099 4483 suun
1111 4428 1270 4482 retruetmit.
1286 4427 1344 4484 Vld.
1354 4427 1400 4482 ut-

238 4529 296 4568 un.
306 4515 402 4584 udus
414 4512 553 4580 (Ζοίιιὼι.
563 4515 583 4570 1.
594 4516 736 4571 emuna
748 4512 809 4582 W.)
823 4513 890 4568 teat
904 4529 945 4568 se.
955 4515 990 4568 dli
1002 4531 1028 4585 p.
1035 4514 1095 4569 801.
