2962 4808
136 715 313 779 quamquam
336 697 409 760 haee
428 696 514 760 rerba
532 695 562 760 in
581 693 759 759 editionibus
778 692 872 758 alieno
892 693 957 757 loeo
977 693 1128 774 leguntur,
1154 691 1240 775 quasi
1260 692 1299 757 ed

136 800 221 864 Ortlri
240 800 483 881 significationem
503 800 701 883 explicandam
722 800 894 882 pertineant
924 797 1019 862 Huius
1035 815 1145 860 nomen
1161 796 1303 879 equidem

137 903 208 967 nibil
227 904 319 978 aliud,
340 903 397 967 nisi
417 917 574 969 ereetum
590 916 677 987 atique
695 913 868 968 attentum
883 904 1025 966 denotare
1039 901 1171 965 dixerim.
1201 899 1302 967 166616

136 1008 261 1090 denique
279 1008 398 1090 Erythia
421 1008 496 1071 dicta
516 1017 560 1071 est
579 1029 595 1072 a
616 1007 685 1072 caeli
705 1007 863 1090 vespertini
882 1007 1005 1079 rubore,
1024 1005 1134 1087 quippe
1154 1004 1302 1069 occidenti

138 1110 193 1172 soli
214 1110 353 1173 subiecta.
370 1145 411 1155 —
426 1110 560 1173 Ceterum
581 1110 617 1173 do
637 1111 695 1173 situ
712 1108 1302 1192 116611116666616666611166166616661-

138 1212 241 1275 aiones
268 1222 399 1275 veterum
426 1214 552 1276 luerunt
586 1213 661 1276 Narn
686 1233 777 1295 quum
801 1213 848 1277 alii
873 1232 938 1275 earn
963 1212 993 1274 in
1011 1212 1103 1276 lberie
1123 1212 1301 1275 collocarent

137 1332 230 1394 prope
246 1313 431 1388 Tartessum,
445 1324 495 1378 aut
509 1333 571 1377 non
587 1314 730 1379 diversam
745 1336 761 1378 a
777 1315 908 1377 Gadibus
922 1335 988 1377 esse
1003 1317 1224 1390 oenserent⁸⁸),
1238 1314 1301 1376 lle-

137 1423 263 1490 eataeus,
279 1424 311 1478 ut
326 1415 467 1479 llrrianus
482 1421 580 1493 relert,
595 1417 628 1480 E.
643 1419 677 1481 Α.
693 1419 728 1491 ΙΙ,
748 1416 795 1490 16,
809 1417 885 1480 eirea
900 1417 1084 1480 Ambraciam
1100 1415 1301 1497 6166166116·

137 1517 209 1578 eleos
229 1518 393 1599 Geryonem
411 1537 565 1598 regnasse,
591 1529 677 1600 atque
696 1520 765 1581 hine
784 1519 874 1581 borea
894 1520 931 1581 ab
951 1518 1075 1581 Hercule
1093 1517 1211 1581 abactas
1230 1538 1300 1582 esse
1320 1529 1358 1580 ra

136 1619 295 1692 contendit,
313 1621 423 1702 Scylax,
438 1621 638 1704 1166161623
656 1623 756 1696 6666,
769 1621 919 1703 1166161666
936 1621 966 1682 16
977 1621 1117 1692 Cestride,
1132 1640 1208 1701 quae
1217 1620 1301 1702 Epiri

137 1731 272 1801 pareest,
287 1731 509 1793 commemorat,
525 1724 623 1806 ibique
635 1724 798 1807 Geryonem
811 1722 957 1786 babitasse
967 1723 1015 1796 ait,
1027 1722 1152 1804 denique
1164 1724 1302 1786 l‘seudo·

137 1822 321 1896 Aristoteles,
341 1823 441 1885 111666.
458 1825 545 1887 duae.
561 1845 587 1887 e.
604 1827 676 1900 145,
691 1845 728 1886 ex
741 1835 837 1886 vetere
853 1824 1046 1904 inscriptione
1060 1823 1141 1904 apud
1156 1823 1301 1906 Hypatam

136 1922 305 1985 'lbessaliae
319 1933 432 2004 reperta
449 1924 567 2007 probari
583 1945 674 2007 posse
689 1926 791 1996 eredit,
807 1925 899 1987 luisse
914 1925 944 1987 in
958 1925 1014 1986 bae
1027 1924 1147 2005 regione
1157 1924 1301 2005 11666666

137 2023 243 2096 locum,
258 2041 320 2085 666
336 2025 500 2106 1166116616,
516 2035 603 2108 atque
617 2027 687 2089 bino
701 2027 855 2089 Herculem
870 2025 959 2088 bores
975 2025 1176 2106 6666166611).
1205 2025 1302 2100 „Tam

138 2131 273 2187 rnature“
301 2125 395 2207 inquit
421 2127 549 2209 11666166
575 2128 646 2191 baec
671 2147 854 2201 memorans,
879 2128 916 2190 ad
935 2128 1071 2209 16611611.
1098 2127 1163 2190 666.
1190 2130 1302 2211 6166

135 2226 259 2299 „Graeci
275 2227 331 2309 ipsi
348 2228 378 2290 in
393 2229 454 2292 suis
469 2229 572 2293 totuis
589 2250 642 2295 seu
656 2231 783 2311 argutari
799 2250 852 2294 seu
867 2231 991 2312 ineptire
1002 2238 1192 2312 coeperunu‘
1214 2231 1302 2314 alqui

138 2329 302 2393 babuerunt
326 2340 423 2395 166666
443 2333 482 2396 1111
503 2334 642 2407 sortasse,
666 2336 746 2416 quod
771 2354 833 2397 non
858 2335 958 2415 inepto
981 2342 1185 2414 sequerentur.
1224 2333 1300 2396 Ham

136 2433 212 2495 sient
227 2432 393 2509 ddnretnrn,
409 2454 495 2515 quem
511 2436 620 2515 pariter
634 2454 668 2499 ae
683 2437 848 2520 Geryonem
864 2454 920 2518 pro
936 2437 992 2498 deo
1007 2435 1170 2498 inferorum
1185 2437 1300 2500 baben·

137 2534 206 2597 dum
230 2555 296 2596 esse
319 2543 448 2608 tuirstat,
474 2535 504 2596 in
524 2535 672 2598 ’1116666116
696 2539 846 2618 quondam
867 2555 1007 2616 regnasse
1030 2537 1142 2599 1666166
1160 2537 1301 2613 serebant,

136 2647 292 2718 propterea
312 2636 434 2710 sedicet,
454 2636 533 2715 quod
553 2637 591 2700 ibi
611 2639 673 2701 eius
692 2640 822 2702 nuneinis
842 2640 942 2719 religio
959 2638 1030 2701 olim
1046 2638 1175 2701 manime
1190 2640 1300 2710 lloruit,

136 2739 180 2802 sio
199 2739 288 2801 etiam
308 2738 344 2799 de
359 2739 491 2817 Geryone
510 2739 712 2820 antiquissima
734 2741 1166 2813 16661666661616666116166,
1184 2744 1299 2805 eumin

136 2843 261 2922 quadarn
274 2840 409 2902 Graeciae
424 2849 506 2920 parte
521 2860 668 2920 regnasse,
685 2843 762 2905 rande
777 2863 868 2923 quum
884 2843 920 2906 ab
936 2844 1065 2906 Hesiodo
1081 2845 1124 2905 rel
1139 2845 1227 2906 etiam
1241 2843 1299 2906 iam

137 2954 204 3006 6616
216 2943 375 3005 Hesiodum
392 2942 428 3003 ab
443 2942 505 3004 aliis
522 2941 551 3003 in
566 2945 740 3007 remotiores
757 2945 892 3025 regiones
908 2945 1103 3027 ultimumque
1115 2947 1299 3009 occidentem

137 3047 294 3111 translatus
310 3055 403 3119 esset,
419 3064 480 3107 666
503 3054 600 3108 tamen
616 3047 701 3127 plane
716 3047 880 3110 oblitterata
895 3059 966 3110 sunt
981 3049 1147 3111 vetustioris
1164 3049 1301 3113 traditio·

137 3149 184 3213 nis
199 3147 327 3227 uestigia,
343 3147 450 3229 quibus
466 3148 593 3229 permoti
608 3149 778 3222 Hecataeus,
793 3150 906 3231 Scylax,
922 3151 1228 3214 Pseudo-aristoteles
1241 3152 1302 3215 lle·

136 3252 221 3315 siodo
247 3251 366 3331 aliisque
392 3250 579 3331 pervulgatae
603 3251 715 3313 iabulae
739 3252 907 3316 auctoribus
934 3253 1178 3335 obloquebantur.
1212 3255 1250 3318 Et
1270 3255 1301 3318 16

138 3355 227 3437 Epiro
254 3353 372 3435 quidem
397 3354 557 3417 inferorum
582 3354 704 3417 deorum
726 3354 895 3434 religionem
915 3355 1003 3418 etiam
1022 3357 1188 3437 posteriore
1208 3368 1302 3421 aetate

138 3457 264 3522 maxime
281 3457 425 3537 vigentem
441 3455 698 3538 deprehendimus,
713 3458 790 3518 tande
806 3460 981 3532 factumest,
997 3468 1028 3522 ut
1043 3479 1144 3541 regern
1156 3460 1302 3542 136161111-

137 3562 265 3624 doneum
280 3558 452 3643 pragmatici
469 3560 679 3638 conduxerint,
695 3578 756 3622 non
771 3559 824 3621 alia
839 3559 966 3637 ratione,
980 3579 1068 3643 quarn
1084 3581 1142 3644 qua
1157 3563 1228 3626 olim
1243 3565 1303 3627 66-

289 3770 430 3779 ...ι-ιι...

204 3894 252 3952 88)
272 3894 412 3946 Stesicbor.
426 3910 466 3962 66.
480 3894 564 3946 81666.
579 3893 611 3946 111
623 3910 646 3962 6.
660 3894 708 3946 tls
726 3911 748 3946 6.
761 3891 935 3960 1166616111,
948 3895 964 3947 8
989 3895 1083 3965 Epioe.
1096 3911 1136 3965 66.
1149 3896 1258 3950 Pliniana
1271 3899 1303 3951 11.

138 3979 271 4047 6111636.
293 3981 393 4048 Sepone.
406 3996 431 4031 v.
447 3980 551 4047 156666.
574 3977 836 4047 Α661166166.11,5,16
849 3995 904 4031 cunr
917 3980 1007 4051 1166611
1020 3984 1160 4036 6166666611
1173 4000 1197 4051 6.
1211 3985 1305 4053 151166.

202 4066 250 4132 811)
270 4067 306 4118 De
322 4067 473 4121 ernendaade
492 4065 654 4133 inscriptione
671 4066 714 4117 1116
735 4067 925 4132 corruptissima
942 4069 993 4122 rid.
1011 4070 1305 4142 16666116161661161-

136 4153 186 4219 log.
200 4154 278 4221 epigr.
291 4169 375 4220 greee.
396 4169 419 4222 p.
432 4152 541 4220 25leqq.
560 4154 601 4219 qui
619 4153 737 4219 pleraque
752 4152 1005 4222 66666166666611611
1027 4157 1111 4210 Vereu
1124 4158 1149 4212 2
1162 4165 1245 4211 166666
1257 4175 1305 4228 666

137 4232 182 4305 ἡδ’
201 4233 350 4312 ’66666166
366 4232 542 4310 6166666116
559 4237 673 4304 equidem
691 4230 737 4304 ἠδ’
755 4230 877 4305 ’666666
894 4233 1029 4311 ἀπάγων,
1047 4251 1074 4295 61
1086 4259 1111 4295 r.
1123 4243 1140 4294 6
1152 4261 1198 4311 666
1211 4239 1261 4303 rrir
1271 4239 1303 4296 δ’

135 4319 282 4396 ἐδάμασσε
294 4320 380 4394 πόθῳ
392 4352 427 4364 -
439 4325 487 4390 τῆς
497 4320 511 4375 t
523 4316 655 4394 «16166666
668 4316 763 4391 πόθῳ.
781 4323 904 4378 1166661166
916 4343 964 4379 une
977 4345 1032 4380 eure
1045 4329 1126 4380 babae
1138 4330 1214 4381 611661
1227 4330 1304 4382 111166

135 4409 263 4479 Geryonis
276 4413 400 4481 11661666,
413 4425 486 4480 queue
497 4407 550 4474 elii,
562 4406 647 4459 111666
659 4416 689 4460 61
701 4408 816 4476 imolen,
829 4409 961 4480 repute-
973 4413 1104 4480 dixeruet,
1120 4415 1206 4480 (Prae.
1217 4415 1253 4482 X,
1265 4416 1305 4473 11,

134 4493 161 4559 l,
175 4494 262 4562 steph.
274 4496 336 4564 1166.
350 4511 372 4547 6.
385 4498 419 4559 r.)
433 4494 547 4564 repulere
560 4492 953 4562 116116666666616616666666
966 4514 982 4550 6
994 4498 1105 4553 Venere.
