2962 4808
690 383 749 449 173

139 565 222 658 νόη,
244 573 341 648 Cata,
357 581 387 637 et
400 567 571 662 Προνόη,
593 574 760 650 Provida,
776 574 917 657 ambigas,
930 587 1030 640 utrum
1045 577 1103 640 true
1117 578 1218 662 potius
1232 597 1305 662 prr·

140 676 232 740 tinere
251 677 344 751 dicas,
365 694 402 740 an
422 679 541 754 eodem,
560 696 619 761 quo
638 676 837 766 Νημερτη,
857 680 997 755 Veram,
1017 683 1045 744 Ιι.
1057 702 1084 745 e.
1103 683 1139 746 ad
1155 682 1304 747 fatidicam

140 780 286 861 quandam
299 779 358 843 rim
373 799 530 863 aquarum,
549 800 636 864 quam
651 782 737 846 etiaor
754 782 783 845 in
798 783 893 846 Nereo
910 783 1006 848 inesse
1021 786 1194 862 credebant,
1212 806 1303 869 quem

140 881 264 962 proinde
283 882 431 946 Hesiodus
451 874 604 965 ἅψονόέα
629 880 688 948 καὶ
714 876 848 972 ἀληθέα
873 887 942 949 dicit
968 897 998 951 et
1023 886 1163 975 νημερτῆ
1185 885 1304 954 τεκαὶ

139 977 251 1070 ἤπιον,
268 976 347 1049 odoi
361 980 551 1068 θεμιστέων
564 982 759 1074 ληθόμενον,
776 990 922 1072 titiamque
935 991 1056 1055 i'eram
1072 993 1220 1075 praedicat
1232 1014 1304 1055 πα·

138 1082 217 1172 τρός
230 1079 316 1169 ἔχειν
331 1083 407 1153 νόον
421 1081 621 1156 ἀθανάτοιο.
648 1093 782 1156 Ceterum
796 1093 877 1158 facile
888 1104 1009 1176 apparet
1022 1107 1180 1177 utrumque
1192 1115 1303 1159 nrunus

139 1192 360 1272 quodammodo
380 1193 457 1256 inter
475 1213 508 1256 se
527 1194 716 1258 coniunctum
732 1215 814 1271 esse,
829 1206 862 1260 ut
876 1214 950 1278 quae
964 1198 1085 1261 numina
1101 1219 1149 1262 res
1164 1200 1304 1263 onlinare

138 1316 171 1359 ae
190 1296 348 1378 disponere
369 1298 569 1372 crederentur,
588 1300 691 1362 eadem
710 1299 800 1363 etiam
821 1300 937 1363 oraculo
952 1301 1124 1366 irooriniims
1139 1305 1259 1368 coierent
1272 1315 1304 1368 et

138 1399 1302 1483 futurasignificarentquemadmodumTirernidem,acuitrsnotione'l’ire·
1336 1455 1340 1460 ‚
1375 1426 1378 1430 ·

139 1502 188 1564 tin
208 1511 238 1565 ct
257 1503 524 1567 Themistonem
540 1504 585 1567 rix
605 1504 734 1568 diversas
752 1527 819 1569 esse
838 1507 982 1580 diximus,
1003 1509 1090 1571 etiam
1111 1511 1219 1573 oracoii
1234 1512 1301 1574 net-

138 1605 216 1686 pirici
233 1606 398 1687 praesidem
419 1606 548 1670 haleium
568 1627 635 1670 esse
650 1617 779 1682 constat,
799 1618 828 1671 et
843 1608 997 1671 Proteus
1012 1609 1202 1686 iionmricos,
1217 1613 1302 1676 cuius

138 1708 284 1771 Hesiodus
300 1709 408 1770 nudam
423 1709 602 1771 mentionem
618 1710 714 1782 trahet,
729 1712 802 1774 ricus
818 1711 952 1773 sosarinus
963 1711 1092 1793 itemque
1102 1713 1235 1777 inditione
1247 1725 1302 1778 est

222 1809 377 1892 Superest,
399 1821 432 1873 ut
450 1811 486 1873 de
507 1829 632 1875 numero
653 1812 809 1874 Nereidum
830 1813 993 1887 rideamus,
1012 1832 1087 1895 quae
1107 1834 1197 1895 quum
1214 1817 1303 1898 quin·

137 1915 275 1996 quaginta
290 1935 355 1978 esse
370 1915 518 1991 deberent,
534 1932 615 1978 nunc
630 1913 658 1976 in
673 1914 784 1977 nostris
801 1915 976 1996 theogoniae
989 1916 1169 1981 editionibus
1184 1930 1234 1982 aut
1244 1939 1303 1984 un·

137 2018 382 2101 dequiuquaginta
402 2019 524 2082 nomina
542 2019 678 2099 teguntur·
696 2028 747 2081 aot
764 2018 851 2081 ctiam
871 2037 964 2082 unum
979 2039 1068 2104 supra
1083 2022 1302 2106 quinquaginta.

137 2120 252 2186 Etenim
269 2122 294 2185 si
309 2132 445 2187 tenemus
460 2143 486 2185 r.
499 2123 560 2185 245
575 2123 724 2203 antiquam
739 2123 896 2186 lectionem

237 2220 418 2312 Κυμοθόη,
440 2218 556 2290 Σπειώ
577 2244 627 2301 τε,
654 2219 740 2311 Θόη,
768 2219 874 2312 Θιιλιή
897 2217 930 2288 τ’
952 2221 1107 2309 ἐρόεσσα,

136 2338 169 2390 nt
187 2321 258 2414 Θόη
273 2348 382 2392 nomen
399 2329 552 2412 proprium
564 2327 612 2401 sit,
624 2327 834 2408 qninquaginta
846 2338 908 2391 turn
922 2331 1041 2393 ‹ienrmn
1053 2342 1149 2403 erunt,
1165 2333 1189 2395 si
1201 2336 1301 2417 Πριο-

137 2422 200 2505 τιό,
221 2429 300 2510 quod
321 2429 366 2493 iris
387 2431 518 2512 positum
539 2439 585 2493 est
603 2449 629 2491 v.
646 2428 709 2491 243
729 2438 758 2491 et
777 2429 855 2501 243,
875 2432 964 2493 cernei
987 2442 1100 2495 tautum
1120 2448 1301 2501 numeretur.

139 2532 252 2606 Quodsi
268 2533 346 2596 aliud
361 2534 502 2596 alterutro
517 2534 582 2596 ioco
599 2549 708 2594 nomen
724 2531 887 2611 reponitur,
900 2540 987 2594 erunt
1003 2552 1093 2597 onum
1108 2544 1138 2598 et
1152 2539 1300 2619 rprinqua-

138 2634 231 2711 ginta:
251 2646 353 2699 contra
374 2636 399 2698 si
419 2635 592 2716 relinquitur
609 2627 739 2715 Πρωτιό
759 2644 883 2716 utroque
897 2635 978 2709 loco,
998 2648 1229 2721 numeratorque
1243 2660 1300 2722 pro

138 2753 199 2797 rmo
220 2738 354 2812 nonrine,
374 2731 444 2823 θοη’
464 2747 560 2800 autem
582 2755 668 2798 uersu
685 2736 746 2798 tta
763 2755 817 2817 pro
833 2735 962 2816 epitheto
979 2739 1134 2821 accipitur,
1155 2759 1247 2804 unum
1263 2744 1301 2804 do

139 2837 348 2920 quinquaginta
364 2839 463 2903 deerit.
493 2839 530 2902 Et
544 2839 730 2902 dermannus
746 2837 923 2918 quidrm⁰²i
939 2835 1069 2920 Πρωτώ
1084 2842 1240 2922 utrobique
1256 2855 1299 2907 te·

138 2940 201 3001 neri
216 2940 289 3002 ruit:
304 2961 370 3003 esse
384 2941 462 3003 enim
479 2941 555 3003 hanc
568 2941 699 3003 ciusdem
714 2939 844 3002 nominis
860 2940 1062 3020 repetitionem
1078 2963 1094 3002 e
1109 2943 1232 3005 (liversis
1250 2965 1298 3007 ro-

138 3041 328 3105 rensiooibus
348 3042 377 3105 in
394 3061 486 3105 ornum
502 3043 637 3106 connatis
651 3042 864 3123 explicandam:
886 3043 965 3122 quod
981 3043 1053 3105 mitri
1069 3063 1172 3125 parum
1189 3046 1300 3125 proba·
1319 3062 1356 3114 25

137 3148 195 3211 bile
214 3146 336 3211 ridetur.
367 3148 441 3211 Nam
456 3148 522 3211 licet
536 3148 595 3210 hoc
608 3165 669 3210 non
685 3146 775 3209 semel
790 3145 821 3207 in
836 3145 991 3226 theogonia
1007 3147 1115 3209 iactam
1130 3167 1198 3210 esse
1214 3149 1299 3212 intei-

136 3250 233 3332 iigam,
249 3260 281 3313 ut
295 3261 396 3333 partes
411 3251 482 3315 atine
497 3249 614 3313 aliunde
629 3258 764 3330 sumptae
779 3258 1038 3329 componerentur,
1053 3269 1120 3313 eum
1138 3260 1236 3314 danaen
1248 3254 1299 3334 qui

137 3355 195 3418 troc
208 3356 286 3429 iecit,
302 3356 362 3418 sive
376 3354 477 3436 piures
493 3353 583 3417 tuisse
597 3352 698 3426 maris,
713 3351 802 3414 simul
816 3349 903 3413 ctiam
919 3351 996 3415 hano
1010 3371 1112 3416 curam
1128 3355 1300 3419 adhibuisse

136 3457 278 3532 arbitror,
299 3469 331 3521 ut
346 3477 434 3540 quam
449 3456 602 3541 aptissime
615 3465 718 3537 posset
731 3455 786 3518 irae
801 3454 1004 3535 iungerentur,
1018 3466 1047 3519 et
1061 3476 1135 3539 quae
1150 3477 1300 3542 repugna·

136 3571 216 3636 rent,
242 3563 413 3626 tollerentur
434 3570 485 3625 aut
507 3569 701 3625 mutarentur.
735 3560 834 3641 ltaque
857 3558 944 3622 huius
966 3560 1087 3640 catalogi
1106 3563 1301 3628 concinnator

136 3665 261 3729 dubitari
273 3684 334 3729 non
345 3675 445 3748 potest
455 3665 536 3747 quin,
550 3663 664 3728 etiamsi
676 3663 706 3726 in
721 3662 783 3726 aliis
795 3662 901 3744 quibus
915 3682 990 3727 usus
1001 3674 1048 3727 est
1058 3665 1189 3729 tontibus
1200 3667 1301 3750 Πριο-

135 3763 183 3832 roi
203 3790 270 3834 cum
289 3760 456 3857 Εὐκράτη,
478 3767 576 3848 Sani,
599 3758 815 3855 Ἀμφιτρίτη,
838 3767 868 3829 in
888 3767 953 3831 aliis
974 3778 1072 3831 autem
1091 3788 1159 3832 curn
1175 3769 1300 3848 Δωτοῖ,

137 3868 302 3961 Φεροόση,
326 3865 498 3959 Δυναμένη
523 3880 715 3935 memoratam
743 3870 917 3945 inuenisset,
942 3871 1006 3952 ipse
1031 3873 1089 3936 hoc
1106 3890 1217 3937 nomen
1238 3893 1300 3938 uno

136 3987 249 4041 tantum
265 3977 333 4041 loco
348 3976 490 4060 posuerit,
505 3977 535 4038 in
551 3976 641 4039 altero
656 3986 754 4039 autem
769 3972 846 4039 oiiud
861 3973 1055 4053 substituerit,
1070 3977 1150 4059 quod
1165 3996 1228 4043 non
1243 4000 1301 4063 po·

136 4081 192 4145 tuit
206 4100 268 4146 non
285 4080 366 4144 tociie
380 4099 549 4153 occurrere,
568 4078 629 4142 sire
644 4071 796 4164 Κραντιό,
817 4079 897 4161 quod
912 4089 1036 4162 propter
1050 4081 1266 4164 Apollodorum
1280 4084 1302 4160 i,

135 4185 166 4258 2,
183 4187 202 4246 7
219 4185 360 4249 Graevius
374 4203 402 4248 r.
418 4183 490 4257 248,
505 4182 629 4246 Wotiius
644 4192 740 4246 autern
756 4199 783 4245 r.
796 4182 858 4246 243
873 4183 1037 4268 rescripsit,
1051 4185 1194 4268 quoniam
1208 4188 1301 4252 altero

203 4395 252 4463 92)
271 4393 299 4449 l·
311 4394 397 4449 idern.
408 4402 437 4449 et
446 4393 537 4448 (ἔνιαι.
550 4391 651 4462 epistol.
664 4391 735 4446 flere
745 4400 774 4447 et
785 4392 888 4447 Παιᾶνα.
899 4409 924 4462 p.
933 4394 976 4448 ⁰0.
1093 4390 1098 4398 ’
