2962 4808
689 366 746 430 181

139 556 340 620 subiectorum
355 564 469 639 partem
484 555 673 621 restantibus.
700 557 838 620 Fonnam
853 573 888 617 ex
902 553 987 617 leone
1001 561 1031 615 et
1040 552 1168 616 dracone
1183 551 1303 614 mixtam

138 659 308 723 huiusmodi
324 659 436 723 belluae
450 657 521 722 satis
535 659 758 722 convenientem
772 676 838 721 esse
853 664 990 739 supparem
1005 673 1122 736 saprum
1138 653 1242 717 Grami
1259 656 1303 717 la·

138 761 288 825 hulatures
303 760 454 825 addidisse
474 760 608 824 ridentur
626 769 749 843 propter
768 777 877 822 nornen
893 778 910 820 a
924 757 1019 840 Lyciis
1035 767 1201 840 acceptum,
1221 755 1302 839 rprresd

138 885 239 944 graece
251 884 370 949 capram
383 864 535 946 signifieat
562 863 759 946 Bellerophon
770 881 861 946 pomo
877 880 944 924 eum
957 861 1108 924 Chimaera
1119 862 1304 942 «depugnans,

140 967 223 1031 euius
239 968 307 1031 item
325 967 482 1049 theogonia
496 967 678 1030 mentionem
694 966 774 1042 lucit,
794 966 916 1030 eandum
938 963 1179 1045 significationem
1195 964 1303 1026 habore
1350 1025 1352 1030 .

138 1070 265 1144 ridetur,
286 1089 375 1152 quam
390 1070 500 1153 Iupiter
514 1070 646 1153 Typhoei
661 1070 754 1134 cubile
769 1068 939 1132 fulminibus
954 1067 1017 1130 suis
1033 1067 1203 1142 rerherans,
1222 1064 1301 1146 apud

138 1173 300 1235 ltomerum
320 1171 352 1235 li.
372 1171 407 1248 ll,
428 1171 500 1236 782.
539 1172 612 1236 Nam
633 1191 725 1255 rpuum
744 1172 891 1236 montium
912 1171 1129 1252 ignivomarum
1147 1170 1299 1234 eacumina

138 1275 376 1356 frequentissime
390 1275 559 1340 iuludnihus
575 1277 744 1352 terirentur,
760 1275 894 1340 caelestis
909 1275 956 1338 ille
971 1276 1058 1350 uleus,
1079 1273 1162 1337 cuius
1179 1275 1300 1338 [murrina

139 1381 192 1441 tela
207 1388 291 1457 sunt,
310 1380 436 1444 helluam
457 1381 487 1444 in
507 1381 658 1445 montibus
678 1380 742 1444 istis
757 1388 923 1444 versantem
944 1379 1087 1443 debellare
1102 1379 1218 1461 sinuque
1236 1379 1301 1443 eius
1420 1463 1423 1468 ,

138 1501 274 1546 erroreere
288 1482 439 1547 ridebatur
448 1489 461 1528 ⁴
471 1485 511 1562 ⁴).
540 1482 806 1566 Bellerophontem,
820 1483 1041 1547 Corinthiorum
1056 1481 1183 1545 mmirue
1196 1483 1302 1545 talmlis

139 1586 314 1649 celebratum
325 1591 337 1630 ⁴
347 1588 393 1663 4),
414 1584 545 1667 plerique
560 1586 658 1648 Solem
678 1597 729 1649 aut
744 1588 871 1651 solarem
886 1589 1007 1651 heroem
1021 1605 1089 1648 esse
1103 1586 1302 1660 consentiunt,

139 1708 234 1771 raeque
253 1707 308 1770 ego
328 1687 409 1752 aliter
428 1706 545 1752 censeo.
575 1687 632 1752 Sed
654 1688 712 1751 rim
732 1709 766 1754 au
784 1708 894 1754 numen
915 1688 992 1752 Solis
1014 1688 1044 1750 in
1065 1695 1177 1750 vetusta
1196 1687 1302 1749 Corin-

141 1793 268 1856 thiorum
289 1792 428 1874 religione
447 1793 594 1876 aliquanto
614 1792 700 1857 latius
720 1793 851 1875 patuisse
870 1791 1011 1865 arhitror,
1033 1810 1121 1872 qrram
1141 1799 1175 1853 ut
1195 1790 1303 1855 diurno

140 1895 283 1956 curriculo
303 1896 403 1957 lumen
422 1903 509 1977 atque
527 1896 655 1960 calorem
675 1896 860 1959 diffunderet
890 1893 1047 1958 Colehatur
1062 1892 1108 1956 ille
1122 1903 1155 1956 ut
1169 1893 1238 1957 caeli
1253 1911 1304 1956 rex

139 2016 331 2079 summusque
342 1997 446 2061 mundi
458 1999 637 2074 moderator,
651 1999 737 2081 plane
748 1999 784 2062 ad
800 1998 877 2062 loris
892 1999 995 2072 instar,
1006 1997 1132 2079 ideoque
1142 1996 1231 2059 etium
1247 1996 1304 2060 rut·

140 2098 220 2163 urim
234 2100 265 2164 in
279 2110 424 2183 potestate
438 2102 546 2166 hahere
562 2103 729 2185 putahatur,
745 2102 775 2165 id
790 2103 869 2185 quod
885 2102 1092 2164 demonstrant
1107 2098 1228 2162 norruina
1244 2100 1304 2163 Su·

138 2204 174 2266 lis
194 2224 337 2286 equomm
357 2204 541 2282 abEumelo,
560 2205 712 2270 Corinthio
732 2215 832 2288 poeta,
853 2213 1102 2277 commemorata,
1122 2203 1255 2264 Brome
1274 2213 1304 2265 u

138 2306 363 2387 Sterope⁴⁴).
398 2307 455 2370 Sed
475 2326 565 2389 quum
592 2309 686 2370 variae
705 2309 768 2371 eius
787 2306 918 2370 numinis
937 2307 1058 2368 uirtutes
1081 2324 1116 2367 ae
1139 2315 1302 2388 potestates

139 2408 225 2470 soriis
243 2408 329 2471 etiam
349 2409 519 2474 nominibus
538 2409 777 2492 designarentur,
797 2409 867 2472 hine
886 2407 1047 2490 postmodo
1062 2407 1156 2470 uariae
1175 2406 1301 2470 drumm

138 2518 191 2574 aut
201 2512 324 2573 heroum
340 2530 487 2593 personae
501 2514 642 2577 confictae
657 2520 741 2587 sunt,
757 2531 792 2575 ex
807 2529 932 2593 quarum
947 2529 1072 2574 numero
1088 2512 1198 2573 Persen
1213 2521 1302 2591 atque

138 2615 246 2676 Aeeten
261 2613 328 2677 alibi
343 2615 594 2678 consideravimus
604 2622 616 2661 ⁴
627 2619 666 2694 4).
694 2616 728 2679 ln
743 2615 790 2678 his
805 2614 902 2696 itaque
917 2613 1004 2676 etium
1016 2611 1213 2693 Bellerophon
1228 2630 1300 2675 een·

138 2715 247 2779 sendus
263 2725 323 2790 est,
343 2716 404 2780 sive
422 2717 610 2780 nomenoius
626 2737 695 2781 cunr
710 2716 922 2781 reeentiorihus
937 2714 1114 2798 quibusdam
1128 2734 1163 2777 ex
1181 2709 1301 2777 neve-

139 2811 285 2903 ροφόντῃ
301 2827 473 2900 corruptum
489 2819 662 2896 statuimus,
683 2821 866 2902 primamque
886 2818 1015 2881 nominis
1034 2828 1148 2898 praetem
1168 2817 1204 2879 de
1223 2816 1301 2880 luee
1412 2902 1416 2907 Δ

138 2921 372 3002 interpretamur,
387 2920 517 2985 eiusdem
533 2922 643 3003 stirpis,
659 2923 742 2986 euius
757 2933 803 2985 est
817 2913 888 3007 etp,
904 2929 937 2984 ut
949 2922 974 3002 d
987 2940 1023 2983 ex
1039 2921 1186 3001 digamma
1200 2929 1299 2983 ortum

139 3022 248 3102 sit⁴⁸),
263 3023 324 3086 sire
339 3043 406 3086 cum
421 3024 567 3087 veteribus
583 3017 720 3109 βέλλερα
735 3046 760 3088 s.
775 3014 889 3108 ἒλλερα
909 3044 975 3087 esse
996 3023 1144 3086 credimus
1164 3022 1252 3086 noxia
1270 3032 1301 3084 et

139 3126 318 3209 pumiciosa,
342 3122 609 3216 Βελλεροφόντην
632 3129 720 3210 igitur
738 3123 797 3192 τὸν
816 3121 859 3191 τὰ
880 3120 1020 3212 ptume
1042 3118 1299 3213 spos·se'·ooru⁴⁴).

137 3230 180 3293 dd
199 3230 324 3293 solarem
341 3250 409 3294 rere
424 3239 558 3295 naturam
568 3231 802 3312 Bellerophontis
818 3231 1073 3313 eonrprohandam
1089 3229 1215 3293 urrasime
1232 3231 1297 3292 laeit
1319 3238 1352 3291 15

137 3332 249 3413 pictura
262 3333 374 3415 antiqui
386 3334 513 3411 crateris,
527 3334 648 3397 heroem
659 3331 828 3397 Chimaerae
840 3332 980 3396 victorem
993 3342 1218 3417 repraesentans
1230 3352 1298 3396 cuna

137 3435 230 3517 caprile
244 3435 358 3499 radiato
372 3436 409 3499 ad
425 3436 502 3501 Solis
515 3436 624 3511 instar,
644 3435 681 3499 de
700 3455 760 3518 qua
772 3435 845 3500 dixit
859 3435 894 3500 0.
910 3435 1029 3500 iahnius
1044 3438 1075 3500 in
1090 3435 1235 3518 symbolis
1249 3454 1299 3499 ar·

140 3595 437 3607 nan-*-

203 3685 247 3752 44)
260 3683 298 3738 61.
312 3683 341 3738 ΙΙ.
351 3685 383 3738 Α.
395 3683 508 3754 Fischer,
520 3683 663 3754 Belleroph.
675 3699 700 3754 p.
709 3682 751 3736 86.

203 3773 246 3838 45)
259 3771 319 3825 rura
331 3772 386 3824 eius
398 3772 474 3825 etiam
487 3771 601 3844 τέμενος
613 3770 738 3835 maioni,
756 3771 821 3823 uode
832 3778 915 3840 patet,
933 3769 1025 3824 divisis
1037 3787 1093 3825 eun
1110 3772 1247 3828 honoribus
1258 3772 1299 3826 sl·

136 3858 229 3912 lectum
241 3858 327 3911 luisse.
352 3858 460 3912 Pausan.
473 3856 503 3923 ll,
516 3859 540 3926 ⁸2,
552 3858 578 3911 4.

203 3945 245 4011 46)
258 3945 349 4015 Hygia.
363 3944 449 3999 6188.
474 3943 511 3998 Cf.
525 3944 605 3997 schol.
619 3942 680 3996 Eur.
692 3941 786 3995 Phoea.
798 3959 823 3995 v.
833 3942 858 3995 3.
869 3943 949 3997 selsel.
961 3942 991 3997 tt.
1004 3943 1099 4014 xxttl,
1113 3946 1173 4000 285.

202 4033 246 4098 44)
259 4031 286 4085 ha
297 4033 402 4087 dissert.
415 4033 446 4085 de
459 4031 554 4085 rteeeee
565 4031 624 4084 lies.
637 4046 661 4099 p.
671 4029 712 4083 26.

203 4120 245 4185 48)
259 4119 317 4173 vid.
329 4118 447 4174 Usehold.
456 4116 578 4173 Verbalis
590 4124 640 4170 ete.
653 4114 664 4169 l
675 4132 699 4186 p.
709 4115 769 4168 466.
792 4113 904 4169 Fischer.
916 4116 935 4169 1.
944 4115 962 4170 l.
975 4134 999 4187 p.
1010 4118 1052 4172 88.
1076 4118 1192 4173 Diiatzer
1203 4121 1235 4173 de
1247 4119 1300 4174 Ze·

137 4205 222 4258 nudati
233 4207 301 4259 stud.
313 4205 385 4259 llorn.
398 4223 422 4277 p.
434 4205 490 4259 166.

202 4291 246 4358 48)
259 4291 344 4363 Elpia.
357 4291 392 4345 ll.
406 4309 430 4362 p.
443 4291 505 4358 184,
522 4291 565 4344 hl.
589 4288 628 4343 Gi.
641 4288 775 4341 ilemeas.
792 4304 880 4357 spese.
896 4286 918 4342 ll
933 4307 959 4361 p.
972 4291 1029 4345 188.
1058 4290 1178 4348 Vileler.
1191 4293 1300 4365 hlptlrol.

135 4376 318 4449 mespres.
341 4379 461 4448 lliielrert,
474 4379 565 4433 llieast
575 4377 600 4432 d
611 4377 710 4433 Atheus
721 4392 746 4446 p.
755 4374 797 4429 88.
