2962 4808
682 355 746 420 207

616 446 817 461 hu—

219 548 281 612 lam
293 548 329 614 cle
341 563 433 616 matre
442 553 545 635 Pegasi
558 563 587 617 et
597 553 768 637 Chrysaoris
780 552 936 616 ridendum
948 560 1004 621 est,
1017 567 1091 631 qnae
1101 555 1152 611 aut
1162 562 1301 610 eommu-

136 650 165 713 ni
181 670 249 714 eum
264 653 379 719 duabus
395 657 550 721 sororibus
567 657 687 721 nomine
702 658 816 738 Gorgo,
832 666 882 720 aut
896 653 1019 737 proprio
1034 651 1155 715 lleclusa
1169 657 1300 711 uocatur.

136 754 194 816 Sul
209 765 313 819 natura
328 757 392 820 eius
407 778 441 820 ex
458 770 562 822 neutro
582 761 688 822 bornam
705 760 859 823 nominum
876 757 948 820 satis
963 753 1103 836 cognosci
1117 761 1232 835 protest:
1255 749 1300 812 al·

138 866 233 920 terum
248 857 326 921 enim
341 858 413 922 nihil
429 859 485 924 uisi
502 871 648 934 torvam,
664 872 803 925 trucem
818 859 973 941 designare
992 857 1115 927 violetur,
1129 854 1255 917 alterum
1270 852 1301 914 in

138 961 297 1040 quamlibet
319 961 447 1026 cuiusvis
466 964 508 1027 roi
523 965 673 1028 dominam
689 986 723 1029 ae
738 961 959 1027 moderatricem
974 960 1105 1043 quardrot.
1135 957 1194 1019 Secl
1209 974 1300 1038 quum

140 1073 273 1142 parentes
284 1065 403 1129 Medusa
418 1066 548 1130 marinos
563 1068 635 1132 cleos
651 1069 766 1143 lrabeat,
782 1069 964 1148 Parammon
979 1072 1008 1127 ct
1020 1067 1101 1134 Ceto,
1115 1061 1192 1125 lilios
1203 1070 1302 1124 autem

140 1168 305 1231 nubilosae
320 1170 444 1251 plurios,
460 1191 569 1253 eosque
583 1192 618 1234 ex
634 1171 770 1255 Neptuno
786 1189 926 1253 aquarum
939 1169 994 1231 cleo
1006 1177 1177 1248 conceptos,
1192 1184 1301 1228 conse

139 1289 236 1353 quens
252 1282 310 1347 est,
324 1282 358 1336 ut
373 1273 435 1354 ipsa
451 1293 570 1356 quoquc
584 1274 621 1337 ab
636 1293 779 1356 aquarum
795 1286 825 1338 ct
839 1274 963 1338 nubium
979 1282 1083 1336 natura
1098 1288 1160 1334 non
1175 1268 1302 1332 multum

139 1375 297 1440 abhorrere
317 1378 460 1442 credatur.
495 1381 588 1462 litque
607 1379 650 1443 sio
668 1379 754 1442 etiam
774 1378 920 1440 veteribus
939 1375 1114 1458 qrribusalam
1134 1372 1303 1457 interprcti·

140 1480 197 1543 bus
212 1480 399 1562 theogoniae,
421 1491 564 1564 quantum
579 1503 596 1545 e
611 1482 792 1546 scholiorum
809 1481 953 1563 farragine
969 1479 1096 1563 perspici
1111 1487 1225 1562 potest,
1244 1471 1305 1562 cria

141 1575 269 1665 ἰκμάδα
294 1584 459 1665 significare
484 1586 545 1649 risa
571 1594 618 1647 est
642 1605 695 1648 seu
720 1604 845 1668 sapores
871 1583 1010 1660 bumialos
1036 1601 1071 1646 ex
1092 1602 1167 1664 aqua
1186 1580 1304 1668 enhala·
1323 1584 1357 1638 tn

142 1689 287 1764 tos¹⁰¹);
307 1687 353 1750 alii
375 1698 473 1751 autem
493 1688 592 1751 lunam
608 1687 792 1771 interpretari
808 1688 934 1752 malunt:
953 1707 1041 1770 quiae,
1056 1686 1190 1768 quamvis
1206 1684 1304 1766 prrimo

142 1790 283 1871 adspectu
301 1789 377 1853 inter
392 1809 424 1853 se
439 1790 567 1865 diversa,
582 1802 710 1873 possunt
724 1803 821 1855 tanren
837 1792 874 1854 acl
889 1809 1079 1855 carmuunem
1094 1786 1242 1872 quandam
1256 1806 1307 1849 ra·

144 1891 254 1955 tionem
276 1891 413 1955 revocari.
444 1891 518 1956 Nam
539 1894 625 1956 lunae
646 1904 778 1957 uaturam
802 1903 912 1957 veteres
933 1895 1060 1958 marinae
1074 1893 1226 1957 humidam
1241 1910 1309 1953 esse

144 1994 396 2073 oensebnut102),
416 2014 566 2078 quumque
581 1995 657 2059 acris
672 2015 741 2078 pars
761 1996 882 2060 interior
895 2008 925 2060 et
940 1997 1073 2079 proxima
1090 2005 1184 2060 terroe
1198 1995 1308 2057 humo·

144 2098 185 2161 ris
205 2119 239 2161 aa
260 2097 432 2161 nebularum
458 2099 543 2180 plena
567 2099 619 2175 sit,
642 2100 789 2163 dominari
809 2099 839 2162 iu
863 2121 896 2163 cn
916 2101 1001 2163 lunae
1021 2108 1195 2182 potestatem
1220 2107 1307 2179 puta·

145 2201 224 2263 bant.
261 2201 297 2263 Et
318 2202 438 2264 luerunt
456 2201 543 2264 etiam
568 2202 618 2284 qui
639 2202 733 2285 ipsam
758 2203 858 2266 lunam
883 2222 945 2265 nou
969 2203 1065 2267 solirlo
1089 2220 1217 2283 corrrorc
1239 2218 1309 2262 esse

145 2304 310 2379 crederent,
325 2304 376 2366 scd
393 2312 558 2367 concrctam
575 2324 591 2366 e
607 2305 777 2387 vaporibus,
791 2305 884 2386 aliqua
900 2305 976 2386 ignis
992 2314 1075 2387 parte
1089 2302 1232 2366 arianista*
1244 2304 1308 2373 υ1),

147 2408 226 2489 quon
238 2427 296 2490 quo
312 2407 410 2470 minus
426 2407 576 2483 miramur,
590 2411 785 2491 reputamlum
800 2417 846 2471 cst
860 2409 945 2471 lunae
958 2407 1098 2489 sprcoiem,
1112 2425 1204 2487 quum
1216 2403 1308 2466 inter·

149 2512 199 2576 aliu
214 2512 244 2574 in
260 2512 338 2575 caelo
355 2511 545 2593 conspicitur,
562 2513 720 2576 nubeculae
735 2511 913 2575 similliumm
928 2531 1002 2573 esse.
1030 2509 1120 2590 lgitur
1135 2519 1247 2571 setores
1261 2504 1311 2579 illi,

149 2616 198 2698 qui
218 2615 340 2679 eanalem
361 2614 417 2678 sibi
438 2614 495 2677 rim
515 2635 549 2678 ac
568 2624 702 2678 naturam
722 2616 753 2678 iu
767 2634 833 2678 aere
848 2615 906 2677 hoo
920 2633 1021 2676 crosso
1037 2622 1068 2676 ct
1081 2610 1205 2676 humido
1220 2629 1309 2692 qaram

150 2719 180 2781 in
195 2719 264 2781 luna
276 2736 436 2798 agnoscere
447 2718 623 2791 viderentur,
638 2736 730 2780 unum
743 2717 859 2798 utrique
871 2735 981 2779 nunaen
993 2716 1197 2797 pracleoerunt
1207 2712 1311 2776 llealu·

151 2815 1312 2902 sam¹⁰⁴),euiourparentesrleosmarinosconiugemquerlcumaquarumcle·

151 3106 174 3157 p.
185 3087 244 3140 262.
269 3087 306 3139 Cl.
316 3088 463 3140 Schn'enclr.
474 3088 560 3139 Diurn.
570 3087 694 3155 antiquar.
708 3086 842 3150 (zeitschr.
856 3087 873 3138 1.
883 3088 907 3138 l.
919 3085 1135 3149 alaeam-wios.)
1149 3083 1213 3134 1006
1223 3082 1314 3151 puel.

150 3202 185 3213 -
196 3173 360 3226 Recentiores
373 3175 494 3239 Pegasum
508 3173 589 3240 poetis
601 3173 632 3223 ml
644 3172 803 3238 equitandum
815 3173 1016 3235 commodarunt,
1033 3171 1098 3237 quocl
1110 3168 1152 3236 qui
1165 3169 1258 3220 iactum
1271 3169 1315 3231 sit,

152 3259 225 3312 iaeile
238 3259 402 3323 intelligitnra
416 3260 460 3310 secl
474 3258 565 3309 lactum
578 3263 619 3307 est
632 3257 700 3308 nullo
713 3264 826 3308 ueterum
839 3257 963 3324 exemplo.
985 3257 1021 3307 lle
1032 3255 1233 3322 Bellerophonte,
1242 3271 1315 3323 quera

151 3345 176 3397 ni
188 3344 285 3410 Pegaso
303 3345 361 3395 uehi
378 3343 485 3407 iaciunt,
503 3358 579 3410 supra
597 3343 690 3395 dietum
707 3351 756 3395 est
785 3344 821 3394 lle
838 3344 981 3411 Chrysaore
998 3342 1190 3410 praeterhac,
1207 3357 1272 3408 quae
1289 3341 1314 3392 in

152 3430 286 3495 messenia
298 3431 416 3496 legimus,
432 3429 491 3481 nibil
505 3428 617 3480 refertar
629 3429 654 3480 ia
667 3428 772 3493 lnbulis,
784 3430 849 3480 uncle
861 3428 957 3480 certior
967 3426 1112 3479 coniectura
1123 3428 1155 3478 ale
1166 3427 1224 3477 eius
1236 3425 1317 3491 signi·

154 3515 270 3568 litatione
287 3515 341 3583 capi
358 3514 446 3582 possit
477 3513 595 3564 Citantnr
610 3530 625 3563 a
642 3513 720 3564 schol.
734 3513 760 3564 ll.
774 3514 804 3564 acl
818 3507 887 3564 iluna.
900 3511 929 3565 ll.
942 3510 988 3577 Vl,
1002 3512 1052 3563 200
1064 3528 1088 3580 p.
1104 3511 1173 3563 isan
1185 3511 1215 3562 ut
1234 3512 1317 3580 stry·

154 3601 252 3654 saorica
269 3600 362 3652 Leonis
379 3600 520 3663 eninaclaar,
532 3626 566 3638 ·—
577 3598 688 3650 fortasse
701 3598 897 3663 Alabandensis,
914 3598 984 3650 cuiue
997 3597 1085 3649 Carica
1097 3603 1124 3648 et
1135 3596 1247 3665 byciaea
1258 3597 1317 3649 Sui·

154 3691 200 3742 clas
212 3694 398 3750 commeruerat,
407 3713 442 3726 —-
454 3687 478 3738 in
491 3685 581 3755 quibus
593 3702 640 3737 nan
654 3684 735 3737 solnm
746 3686 778 3736 cle
787 3683 931 3754 Chrysaore
944 3685 988 3735 secl
1002 3684 1078 3736 etiarn
1090 3683 1122 3736 de
1133 3683 1233 3750 Pegaso
1245 3683 1318 3736 lalan-

155 3776 236 3844 liaqua
248 3776 279 3827 acl
292 3775 357 3825 hune
369 3772 553 3841 pertinentibus
565 3773 707 3840 expositum
718 3771 798 3824 inisse
811 3788 825 3823 e
838 3772 989 3824 scholiastae
1004 3769 1091 3823 verbis
1105 3769 1213 3837 intelligi
1225 3777 1321 3840 pateat.

226 3855 287 3920 101)
307 3855 364 3911 vu.
382 3858 453 3925 impr.
472 3856 550 3909 schol.
563 3857 595 3909 acl
611 3874 636 3909 v.
646 3857 697 3908 210
709 3873 733 3925 p.
744 3857 806 3909 412:
826 3852 953 3927 Περσεὺς
968 3852 985 3911 ὁ
1002 3850 1079 3924 ἣλιος
1095 3851 1112 3910 ὁ
1129 3852 1204 3929 πρὸς
1220 3851 1323 3912 ἑαυτὸν

157 3944 244 4000 tason
255 3939 305 4010 rip
317 3937 425 4014 leporio
437 3936 474 4000 nir
485 3936 655 4014 oneremur
666 3936 759 4009 eineis.

228 4029 289 4095 102)
307 4028 346 4080 (11.
358 4028 486 4081 Plutarch.
497 4028 529 4080 cle
540 4027 588 4081 iae.
600 4029 651 4081 lun.
665 4044 687 4080 a.
699 4028 742 4080 20.
766 4026 831 4079 Plin.
846 4029 875 4080 ll.
888 4028 920 4082 Ν.
934 4028 962 4096 11,
975 4031 1016 4082 51.

227 4115 291 4181 103)
309 4114 436 4168 Plutarch.
455 4113 473 4166 1.
491 4113 509 4165 1.
526 4128 549 4166 e.
565 4114 590 4166 0.
623 4112 661 4166 Ile
677 4113 742 4181 plac.
759 4112 819 4180 phil.
837 4112 870 4182 ll,
887 4113 929 4167 25.
961 4116 1065 4169 Stobae.
1083 4115 1139 4170 aet
1155 4118 1232 4189 pbps.
1246 4117 1271 4184 l,
1288 4115 1322 4171 27

158 4219 182 4272 p.
194 4201 348 4254 050-000.

230 4286 291 4354 101)
309 4286 378 4341 llaec
390 4285 500 4340 lorum
510 4300 588 4338 annm
597 4283 713 4355 Orpbieis
721 4282 777 4350 nia,
789 4293 818 4338 nt
829 4283 918 4339 laeieaa
930 4287 956 4340 la
968 4288 1029 4343 orbe
1040 4289 1117 4342 lnaae
1129 4277 1323 4358 Gorgonis·

158 4372 330 4443 appellarent,
346 4372 412 4442 qual
427 4370 545 4427 eleum
560 4371 636 4427 Alex.
653 4371 748 4426 suan.
759 4369 784 4428 V
795 4387 818 4426 e.
831 4370 848 4426 0
859 4371 884 4442 l.
896 4373 930 4428 aa
946 4390 981 4430 aa
996 4375 1108 4447 spuens
1124 4375 1218 4431 aniane
1235 4391 1324 4447 qaan-
