2962 4808
765 347 806 410 'tn

686 431 886 445 ‘on—oo..—

203 556 261 618 que
275 528 478 599 σκοτόεσσαν
500 523 638 620 ὀμίχλην
659 534 768 597 dixisse
782 534 966 617 accepimus¹
979 538 1021 612 ¹),
1034 537 1114 600 unde
1128 546 1262 620 apparet,
1276 536 1369 600 ulisse

205 639 273 702 illud
293 638 329 700 iis
344 636 455 699 aerium
471 637 626 718 quiddam,
642 637 836 718 caliginosum
853 647 939 719 atque
955 639 1184 703 tenebricosum.
1215 641 1246 704 ld
1263 659 1369 722 proce·

206 743 291 803 dente
315 749 450 821 temporo
475 739 621 801 coaluisse.
641 740 777 804 dixerunt
798 741 827 802 in
847 741 893 802 ori
914 742 1051 819 liguram,
1071 752 1244 825 mutumque
1264 741 1369 805 inclusi

204 843 330 905 aetberis
345 843 372 905 ri
395 843 510 906 tandenr
527 853 648 924 ruptum
663 864 730 906 esse
745 845 965 924 l'benetenrque
979 863 1014 906 ex
1030 863 1096 907 sese
1111 846 1260 920 emisisse,
1276 845 1326 926 qni
1342 853 1372 906 et

205 945 288 1010 dietis
308 955 337 1008 et
352 945 528 1028 Ericapaens
549 947 645 1011 dietus
666 959 721 1011 est.
752 947 884 1030 benique
904 967 937 1010 er
955 947 1114 1022 vero-ibus,
1134 949 1184 1030 qui
1199 948 1235 1011 de
1250 947 1371 1011 Hesiodi

206 1049 398 1130 rosmogonia
414 1050 562 1127 dixerunt,
578 1052 716 1135 perpauri
737 1061 851 1115 tanturn
872 1043 954 1129 χάος
976 1050 1133 1132 spatium
1153 1071 1219 1114 esse
1239 1052 1372 1115 eredide-

206 1160 289 1219 rnnt¹
301 1155 346 1232 ²),
365 1153 498 1236 plerique
513 1174 637 1237 aquarn
652 1156 833 1237 interpretati
849 1163 931 1230 sunt,
947 1153 977 1216 in
993 1154 1103 1236 quibus
1118 1156 1205 1219 etiarn
1221 1156 1372 1219 Zenonem

208 1259 299 1322 luisse
309 1257 449 1339 laqinrus¹
462 1261 503 1335 ³),
518 1277 573 1321 nee
584 1259 748 1335 doluerunt,
765 1258 815 1340 qni
828 1277 947 1323 aerern
960 1258 1231 1340 interpretarentur,
1246 1277 1373 1341 quorum

208 1381 302 1426 ununr
321 1362 505 1425 Zenodoturn
524 1363 698 1427 scholiastes
717 1361 891 1444 theogoniae
917 1361 954 1424 ad
970 1380 995 1424 r.
1011 1363 1072 1425 1111
1092 1370 1320 1427 eonrarernorat¹
1332 1364 1373 1440 tl.

209 1468 247 1531 Et
261 1486 342 1542 sane,
357 1465 382 1528 si
399 1465 469 1547 qnid
483 1466 592 1529 borunr
608 1467 773 1550 eligendurn
790 1467 838 1542 sit,
854 1469 927 1530 llaec
942 1467 1013 1530 mibi
1027 1469 1171 1532 sententia
1187 1489 1203 1531 a
1219 1456 1374 1551 vero'pro·

210 1571 288 1635 rirne
302 1571 405 1634 alrrsse
420 1570 541 1646 ridetur,
556 1573 647 1634 ruodo
663 1573 781 1655 nequis
797 1573 834 1635 de
850 1573 909 1636 buc
919 1591 985 1635 aere
998 1572 1112 1652 rogitet,
1127 1591 1216 1654 «quem
1228 1591 1284 1636 nos
1296 1590 1377 1636 nunc
1417 1647 1420 1650 ⁴

212 1675 318 1757 spiritu
338 1674 488 1751 «lucinius,
511 1675 565 1738 sed
585 1676 620 1738 do
640 1676 798 1757 caliginosa
817 1675 942 1757 quadarn
964 1685 1081 1751 naunu,
1102 1696 1175 1758 quae
1194 1695 1285 1760 quuar
1305 1675 1377 1739 nulli

212 1799 318 1843 eoruna
334 1785 473 1861 quattuor
487 1797 658 1862 rorpnnnn‚
675 1799 748 1863 quaa
763 1780 903 1843 elenrenta
918 1790 1067 1856 rorantur,
1082 1780 1185 1844 sinrilis
1200 1791 1289 1854 esset,
1304 1796 1377 1863 pro·
1448 1843 1450 1845 ,

187 1961 189 1965 .
213 1883 291 1948 xirne
311 1892 409 1947 waren
428 1883 464 1946 ad
484 1884 562 1947 aeris
581 1883 801 1947 sirniiitudinenr
821 1884 984 1957 accederet,
1010 1884 1128 1967 cuique,
1154 1904 1245 1967 quunr
1265 1884 1378 1947 nullum

215 1986 348 2051 elementi
363 1987 484 2050 antinoios
502 2005 611 2050 nomen
631 1988 703 2050 satis
722 1990 906 2064 conueniret,
928 1988 984 2052 rate
1003 2007 1113 2052 nornen
1134 1988 1307 2071 impositum
1323 1995 1378 2061 est,

215 2111 275 2174 quo
301 2089 372 2154 nibil
391 2089 467 2152 aliud
487 2089 545 2153 nisi
564 2091 741 2172 penetrabile
759 2092 898 2173 quindeni
917 2103 946 2155 et
966 2092 1136 2174 dissipabile
1156 2092 1380 2173 significaretur,

157 2242 160 2246 .
216 2195 309 2278 quod,
327 2211 419 2275 quurn
440 2193 537 2274 ipsum
559 2193 636 2255 nulla
656 2195 750 2256 lorrrra
770 2215 805 2258 ae
824 2195 921 2276 speeie
941 2195 1105 2276 praeditum
1124 2205 1216 2272 esset,
1237 2194 1380 2268 omniunt,
1434 2198 1435 2202 ’

216 2315 408 2381 «quaecunque
422 2305 492 2376 post
507 2295 650 2359 extiturae
664 2308 755 2373 erant,
770 2301 934 2361 lurmarrun
947 2298 1056 2379 pariter
1066 2318 1157 2380 captu
1169 2308 1257 2374 esset,
1271 2317 1380 2381 quum·

217 2421 274 2485 que
293 2400 365 2465 nibil
384 2398 469 2461 solidi
489 2408 576 2480 atque
597 2401 726 2463 currereti
748 2401 880 2477 baberet,
900 2411 1038 2483 tanquam
1059 2421 1183 2466 racuurn
1200 2402 1338 2485 quiddam
1353 2411 1383 2465 et

167 2515 195 2567 tl
219 2507 306 2571 inane
321 2504 465 2585 designari
480 2513 607 2586 poterat,
626 2505 655 2567 in
672 2526 731 2589 quo
747 2504 835 2569 robus
851 2503 990 2567 omnibus
1007 2514 1109 2585 postea
1124 2505 1284 2586 prodituris
1298 2505 1383 2568 lorus

218 2631 253 2675 ac
270 2608 400 2693 spatium
420 2617 509 2671 esset.
522 2643 564 2654 -
579 2609 621 2671 Er
641 2610 698 2672 boo
719 2610 805 2692 igitur·
820 2610 900 2672 Cbao
921 2607 1050 2689 primunr
1070 2608 1227 2672 extiterunt
1243 2609 1335 2672 Terra
1355 2616 1384 2671 et
1472 2688 1474 2692 ι

219 2714 347 2796 Cupido,
375 2731 504 2794 qrrorunr
528 2712 616 2776 altera
642 2732 762 2776 ornnrnr
784 2711 932 2776 srdidinris
954 2711 1091 2775 uiatoriae
1110 2712 1329 2776 runrretionenr
1349 2731 1386 2775 ux

220 2895 319 2906 --—-
349 2896 379 2904 0-
411 2896 430 2903 ι·
457 2895 518 2903 ,ιι--

291 3001 336 3064 111
355 2999 413 3052 tlt.
424 2999 488 3050 lere.
499 2996 564 3065 apud
577 2994 687 3048 baberi.
701 2995 759 3060 net.
771 3009 795 3062 p.
808 2994 867 3046 472.
878 3009 932 3062 sqq.

293 3086 338 3152 12)
357 3086 437 3139 Arist.
450 3086 481 3136 de
495 3083 610 3152 Xearrpb.
623 3099 645 3134 e.
658 3083 679 3134 1.
691 3080 715 3134 2.
740 3082 816 3150 l‘lrps.
829 3096 898 3133 ruse.
909 3078 951 3146 ll’,
964 3079 986 3130 1.
1010 3077 1043 3129 el.
1056 3077 1128 3129 Sext.
1142 3076 1211 3145 Ernp.
1226 3076 1316 3146 Pp'rrb.
1328 3077 1387 3145 byp.

224 3173 268 3241 tlt,
280 3175 305 3226 6.
317 3175 374 3226 adr.
386 3173 463 3242 rupo.
475 3170 510 3236 X,
526 3171 547 3222 1.
577 3170 705 3222 l'lutnrrb.
723 3169 754 3219 de
768 3167 799 3220 is.
812 3177 839 3220 et
850 3168 895 3219 0³.
910 3185 931 3219 e.
945 3167 991 3235 57,
1008 3180 1152 3235 quemquem
1165 3164 1187 3215 is
1198 3163 1271 3229 olibi,
1284 3166 1348 3231 dqu.
1361 3172 1389 3216 et

224 3267 274 3328 ipo.
287 3279 365 3330 ronap.
377 3280 400 3314 e.
414 3261 437 3331 l,
454 3260 529 3312 etiam
541 3274 626 3311 rorum
640 3255 790 3308 sententiani
803 3272 850 3307 nun
864 3253 1000 3324 inquibat,
1018 3254 1058 3323 qui
1071 3253 1147 3305 eliens
1159 3266 1248 3320 uqunur
1261 3250 1388 3318 iuterpre-

225 3350 351 3416 trbrntur,
363 3364 466 3417 rareque
479 3344 711 3415 interpretationem
726 3341 852 3412 plerisque
865 3342 992 3410 probaturi
1006 3357 1063 3392 ense
1077 3348 1194 3394 testatur.
1218 3337 1331 3392 Alterius
1343 3355 1389 3391 au·

227 3444 277 3489 tere
289 3433 504 3504 interpretutioois
517 3433 668 3485 mentionem
680 3430 755 3483 babet
767 3429 841 3481 etiarn
854 3430 933 3481 sebol.
948 3431 981 3482 tb.
994 3445 1017 3497 p.
1029 3426 1078 3479 393
1091 3426 1170 3480 Gnisi.

299 3522 341 3585 111
362 3521 418 3574 1’1(1.
434 3519 512 3573 rebel.
530 3519 648 3589 Apollon.
660 3518 684 3582 l,
698 3517 756 3569 tus,
786 3516 823 3568 (ll.
837 3516 913 3568 Prnb.
926 3518 956 3568 od
969 3515 1047 3581 Verg.
1065 3512 1120 3566 liri.
1135 3511 1181 3577 11,
1192 3510 1222 3562 31
1238 3528 1261 3579 p.
1272 3511 1301 3562 21
1324 3509 1390 3564 liuil.

228 3608 310 3660 litium
323 3608 450 3660 Plutonem
468 3607 499 3657 de
515 3605 615 3657 llesiodi
635 3605 696 3674 ebro
712 3603 831 3655 siruiliter
846 3603 969 3655 stutuisse
988 3601 1130 3669 suspicetur
1145 3598 1237 3665 uliquis
1253 3613 1267 3647 e
1286 3596 1391 3665 cratylo

230 3711 255 3762 p.
267 3695 353 3747 111211.
377 3693 412 3747 lbi
424 3693 502 3759 enirn,
514 3709 588 3760 quoru
600 3693 630 3742 de
643 3691 675 3743 iir
687 3691 768 3753 dicut,
780 3689 821 3757 qui
835 3689 950 3757 quonian
962 3688 1044 3740 omnir
1057 3689 1135 3738 nuere
1145 3691 1172 3735 et
1183 3697 1284 3735 munuru
1294 3689 1393 3734 stutue-

230 3788 299 3845 reot‚
308 3781 384 3831 etiorn
395 3795 512 3846 equorum
526 3788 638 3831 ontureru
651 3778 758 3830 omniurn
772 3792 855 3829 rurum
868 3774 1014 3844 principium
1027 3787 1084 3824 esso
1097 3767 1242 3834 volueriut,
1254 3768 1279 3819 iu
1291 3768 1330 3818 bis
1343 3766 1392 3819 lle·

232 3864 328 3916 elotum
345 3872 467 3916 numerat.
485 3860 648 3935 ‘Itourpot'n’
665 3865 758 3933 inquit,
769 3855 893 3934 Ὄμηρος
908 3853 1041 3914 Ὠκεανόν
1057 3871 1086 3908 τε
1103 3854 1181 3907 orde
1195 3853 1308 3923 γένεσίν
1324 3867 1394 3922 φησι

231 3950 276 4001 21¹2
290 3952 396 4020 μητέρα
415 3944 524 4019 qurir,
541 3949 621 4022 οἶμαι
638 3949 668 4004 di
682 3950 727 4002 aad
742 3944 879 4005 Ἠσίοδος
889 3947 946 3998 arri.
974 3943 1075 3997 lleriodi
1087 3943 1120 3993 de
1132 3941 1233 3992 Oceano
1251 3940 1332 3990 lucum
1345 3955 1392 3990 roa

232 4035 323 4103 respici
334 4044 450 4104 apparet,
469 4038 582 4105 quooiorn
596 4037 629 4088 ibi
642 4037 757 4088 Oceanus
773 4042 800 4086 et
812 4033 911 4102 Tethys
930 4045 1083 4100 naquaquam
1097 4027 1203 4079 omniurn
1216 4026 1332 4088 deorum,
1350 4025 1394 4076 aad

232 4120 337 4174 fontium
350 4129 445 4174 tuntum
458 4133 484 4174 et
497 4123 625 4174 tturiorurn
639 4129 756 4191 parentes
773 4128 841 4172 sunt.
866 4117 953 4187 ltaque
964 4125 1009 4169 eut
1021 4114 1139 4166 memorie
1152 4111 1281 4164 Plutonem
1294 4107 1395 4174 fefellit,

231 4202 353 4262 antcire
364 4207 470 4260 similem
479 4210 599 4276 qurodaru
610 4216 722 4260 naturum
733 4208 829 4270 tribuit,
839 4213 915 4274 (κιαι
925 4205 1034 4266 Oceano,
1046 4202 1071 4253 1.
1082 4218 1105 4253 e.
1117 4199 1216 4251 tiuidrru
1226 4205 1253 4249 et
1265 4211 1395 4263 equanto.
1464 4264 1466 4269 .

304 4295 350 4360 11)
369 4293 459 4347 Fuisse
471 4294 546 4346 etiam
558 4293 599 4361 qni
612 4293 710 4359 ignenr
723 4295 799 4345 cbaos
810 4308 869 4345 erre
881 4292 980 4345 vellent
991 4306 1024 4343 ex
1038 4288 1149 4342 Cornuto
1162 4283 1315 4349 intelligitur
1329 4298 1351 4334 e.
1364 4279 1395 4333 ii

233 4397 258 4453 p.
274 4380 316 4434 85.
