<?xml version="1.0" encoding="UTF-8"?>
<!DOCTYPE html PUBLIC "-//W3C//DTD XHTML 1.0 Transitional//EN"
    "http://www.w3.org/TR/xhtml1/DTD/xhtml1-transitional.dtd">
<html xmlns="http://www.w3.org/1999/xhtml" xml:lang="en" lang="en">
 <head>
  <title>
</title>
<meta http-equiv="Content-Type" content="text/html;charset=utf-8" />
  <meta name='ocr-system' content='tesseract 3.04.00' />
  <meta name='ocr-capabilities' content='ocr_page ocr_carea ocr_par ocr_line ocrx_word'/>
</head>
<body>
  <div class='ocr_page' id='page_1' title='image "./opusculaacademi03schgoog_0175.png"; bbox 0 0 2962 4808; ppageno 0'>
   <div class='ocr_carea' id='block_1_1' title="bbox 685 321 740 404">
    <p class='ocr_par' dir='ltr' id='par_1_1' title="bbox 685 321 740 404">
     <span class='ocr_line' id='line_1_1' title="bbox 685 321 740 404; baseline 0 -1"><span class='ocrx_word' id='word_1_1' title='bbox 685 321 740 404; x_wconf 82' lang='lat' dir='ltr'><strong>im</strong></span> 
     </span>
    </p>
   </div>
   <div class='ocr_carea' id='block_1_2' title="bbox 618 427 819 439">
    <p class='ocr_par' dir='ltr' id='par_1_2' title="bbox 618 427 819 439">
     <span class='ocr_line' id='line_1_2' title="bbox 618 427 819 439; baseline -0.005 0"><span class='ocrx_word' id='word_1_2' title='bbox 618 427 819 439; x_wconf 73' lang='lat'><strong>-——-</strong></span> 
     </span>
    </p>
   </div>
   <div class='ocr_carea' id='block_1_3' title="bbox 90 503 1298 714">
    <p class='ocr_par' dir='ltr' id='par_1_3' title="bbox 90 503 1298 714">
     <span class='ocr_line' id='line_1_3' title="bbox 90 503 1297 605; baseline -0.001 -19"><span class='ocrx_word' id='word_1_3' title='bbox 90 503 95 547; x_wconf 65' lang='lat'><em>³</em></span> <span class='ocrx_word' id='word_1_4' title='bbox 136 526 162 588; x_wconf 90' lang='lat' dir='ltr'><strong>ei</strong></span> <span class='ocrx_word' id='word_1_5' title='bbox 177 535 329 589; x_wconf 80' lang='lat' dir='ltr'><strong>servarunt</strong></span> <span class='ocrx_word' id='word_1_6' title='bbox 343 524 373 589; x_wconf 93' lang='lat' dir='ltr'><strong>in</strong></span> <span class='ocrx_word' id='word_1_7' title='bbox 390 527 497 592; x_wconf 80' lang='lat' dir='ltr'><strong>Oceani</strong></span> <span class='ocrx_word' id='word_1_8' title='bbox 513 528 641 605; x_wconf 79' lang='lat' dir='ltr'><strong>filiabus,</strong></span> <span class='ocrx_word' id='word_1_9' title='bbox 656 539 686 593; x_wconf 91' lang='lat' dir='ltr'><strong>et</strong></span> <span class='ocrx_word' id='word_1_10' title='bbox 700 529 776 593; x_wconf 86' lang='lat' dir='ltr'><strong>sicut</strong></span> <span class='ocrx_word' id='word_1_11' title='bbox 790 529 860 592; x_wconf 91' lang='lat' dir='ltr'><strong>olim</strong></span> <span class='ocrx_word' id='word_1_12' title='bbox 876 546 995 590; x_wconf 83' lang='lat' dir='ltr'><strong>somnio</strong></span> <span class='ocrx_word' id='word_1_13' title='bbox 1011 525 1102 589; x_wconf 84' lang='lat' dir='ltr'><strong>totius</strong></span> <span class='ocrx_word' id='word_1_14' title='bbox 1118 523 1222 586; x_wconf 81' lang='lat' dir='ltr'><strong>niuridi</strong></span> <span class='ocrx_word' id='word_1_15' title='bbox 1237 539 1297 585; x_wconf 90' lang='lat' dir='ltr'><strong>uu·</strong></span> 
     </span>
     <span class='ocr_line' id='line_1_4' title="bbox 137 617 1298 714; baseline -0.003 -23"><span class='ocrx_word' id='word_1_16' title='bbox 137 629 209 692; x_wconf 92' lang='lat' dir='ltr'><strong>mini</strong></span> <span class='ocrx_word' id='word_1_17' title='bbox 223 631 297 693; x_wconf 86' lang='lat' dir='ltr'><strong>haec</strong></span> <span class='ocrx_word' id='word_1_18' title='bbox 311 631 444 712; x_wconf 85' lang='lat' dir='ltr'><strong>copulata</strong></span> <span class='ocrx_word' id='word_1_19' title='bbox 461 634 563 708; x_wconf 88' lang='lat' dir='ltr'><strong>luerat,</strong></span> <span class='ocrx_word' id='word_1_20' title='bbox 579 634 616 696; x_wconf 90' lang='lat' dir='ltr'><strong>ita</strong></span> <span class='ocrx_word' id='word_1_21' title='bbox 632 652 711 696; x_wconf 88' lang='lat' dir='ltr'><strong>nunc</strong></span> <span class='ocrx_word' id='word_1_22' title='bbox 726 632 797 706; x_wconf 82' lang='lat' dir='ltr'><strong>lori,</strong></span> <span class='ocrx_word' id='word_1_23' title='bbox 813 620 929 694; x_wconf 69' lang='grc' dir='ltr'><strong><em>ὅναιτι</em></strong></span> <span class='ocrx_word' id='word_1_24' title='bbox 951 625 1017 692; x_wconf 82' lang='grc' dir='ltr'><strong>τῶν</strong></span> <span class='ocrx_word' id='word_1_25' title='bbox 1036 620 1190 714; x_wconf 78' lang='grc' dir='ltr'><strong><em>Ὀφίονος</em></strong></span> <span class='ocrx_word' id='word_1_26' title='bbox 1209 617 1298 709; x_wconf 73' lang='grc' dir='ltr'><strong><em>θρό-</em></strong></span> 
     </span>
    </p>
   </div>
   <div class='ocr_carea' id='block_1_4' title="bbox 138 731 1409 3903">
    <p class='ocr_par' dir='ltr' id='par_1_4' title="bbox 138 731 1409 2975">
     <span class='ocr_line' id='line_1_5' title="bbox 138 731 1299 819; baseline -0.003 -24"><span class='ocrx_word' id='word_1_27' title='bbox 138 753 212 809; x_wconf 89' lang='grc' dir='ltr'><strong><em>νων,</em></strong></span> <span class='ocrx_word' id='word_1_28' title='bbox 232 742 265 795; x_wconf 93' lang='grc' dir='ltr'><strong>ιιι</strong></span> <span class='ocrx_word' id='word_1_29' title='bbox 283 742 329 796; x_wconf 89' lang='lat' dir='ltr'><strong>est</strong></span> <span class='ocrx_word' id='word_1_30' title='bbox 347 736 424 816; x_wconf 85' lang='lat' dir='ltr'><strong>apud</strong></span> <span class='ocrx_word' id='word_1_31' title='bbox 439 737 663 819; x_wconf 81' lang='lat' dir='ltr'><strong>Lycophronem</strong></span> <span class='ocrx_word' id='word_1_32' title='bbox 679 757 704 800; x_wconf 84' lang='lat' dir='ltr'><strong>r.</strong></span> <span class='ocrx_word' id='word_1_33' title='bbox 721 735 815 804; x_wconf 74' lang='lat' dir='ltr'><strong>true.</strong></span> <span class='ocrx_word' id='word_1_34' title='bbox 835 735 957 798; x_wconf 83' lang='lat' dir='ltr'><strong>eamdem</strong></span> <span class='ocrx_word' id='word_1_35' title='bbox 973 733 1128 813; x_wconf 88' lang='lat' dir='ltr'><strong>coniugem</strong></span> <span class='ocrx_word' id='word_1_36' title='bbox 1143 731 1299 805; x_wconf 84' lang='lat' dir='ltr'><strong>dedemnt,</strong></span> 
     </span>
     <span class='ocr_line' id='line_1_6' title="bbox 138 834 1298 921; baseline -0.002 -25"><span class='ocrx_word' id='word_1_37' title='bbox 138 856 171 897; x_wconf 84' lang='lat' dir='ltr'><strong>ex</strong></span> <span class='ocrx_word' id='word_1_38' title='bbox 192 855 249 916; x_wconf 90' lang='lat' dir='ltr'><strong>qua</strong></span> <span class='ocrx_word' id='word_1_39' title='bbox 264 836 403 903; x_wconf 77' lang='lat' dir='ltr'>Gratias</span> <span class='ocrx_word' id='word_1_40' title='bbox 420 838 464 903; x_wconf 90' lang='lat' dir='ltr'><strong>ille</strong></span> <span class='ocrx_word' id='word_1_41' title='bbox 478 841 618 921; x_wconf 89' lang='lat' dir='ltr'><strong>gennerit.</strong></span> <span class='ocrx_word' id='word_1_42' title='bbox 649 841 812 904; x_wconf 74' lang='lat' dir='ltr'><strong>Gratiarum</strong></span> <span class='ocrx_word' id='word_1_43' title='bbox 828 849 925 903; x_wconf 84' lang='lat' dir='ltr'><strong>atrtrm</strong></span> <span class='ocrx_word' id='word_1_44' title='bbox 941 839 998 901; x_wconf 80' lang='lat' dir='ltr'><strong>rim</strong></span> <span class='ocrx_word' id='word_1_45' title='bbox 1013 854 1182 916; x_wconf 75' lang='lat' dir='ltr'><strong>nurcienque</strong></span> <span class='ocrx_word' id='word_1_46' title='bbox 1196 834 1226 896; x_wconf 95' lang='lat' dir='ltr'><strong>in</strong></span> <span class='ocrx_word' id='word_1_47' title='bbox 1242 851 1298 895; x_wconf 83' lang='lat' dir='ltr'><strong>osi·</strong></span> 
     </span>
     <span class='ocr_line' id='line_1_7' title="bbox 139 936 1298 1025; baseline -0.003 -24"><span class='ocrx_word' id='word_1_48' title='bbox 139 938 302 1019; x_wconf 88' lang='lat' dir='ltr'><strong>tiquissima</strong></span> <span class='ocrx_word' id='word_1_49' title='bbox 317 941 456 1023; x_wconf 90' lang='lat' dir='ltr'><strong>religione</strong></span> <span class='ocrx_word' id='word_1_50' title='bbox 471 942 620 1025; x_wconf 80' lang='lat' dir='ltr'><strong>alirmanto</strong></span> <span class='ocrx_word' id='word_1_51' title='bbox 635 943 720 1006; x_wconf 85' lang='lat' dir='ltr'><strong>latins</strong></span> <span class='ocrx_word' id='word_1_52' title='bbox 735 961 823 1024; x_wconf 72' lang='lat' dir='ltr'><strong>«quiam</strong></span> <span class='ocrx_word' id='word_1_53' title='bbox 839 942 868 1003; x_wconf 91' lang='lat' dir='ltr'><strong>in</strong></span> <span class='ocrx_word' id='word_1_54' title='bbox 885 941 993 1021; x_wconf 77' lang='lat' dir='ltr'><strong>uulgari</strong></span> <span class='ocrx_word' id='word_1_55' title='bbox 1009 950 1038 1003; x_wconf 92' lang='lat' dir='ltr'><strong>ct</strong></span> <span class='ocrx_word' id='word_1_56' title='bbox 1052 938 1165 1021; x_wconf 75' lang='lat' dir='ltr'><strong>poetica</strong></span> <span class='ocrx_word' id='word_1_57' title='bbox 1177 936 1298 1017; x_wconf 69' lang='lat' dir='ltr'><strong>iirgtho·</strong></span> 
     </span>
     <span class='ocr_line' id='line_1_8' title="bbox 138 1041 1299 1127; baseline -0.003 -24"><span class='ocrx_word' id='word_1_58' title='bbox 138 1041 213 1123; x_wconf 88' lang='lat' dir='ltr'><strong>logia</strong></span> <span class='ocrx_word' id='word_1_59' title='bbox 233 1045 364 1125; x_wconf 85' lang='lat' dir='ltr'><strong>patuisse</strong></span> <span class='ocrx_word' id='word_1_60' title='bbox 381 1046 529 1127; x_wconf 77' lang='lat' dir='ltr'>probabile</span> <span class='ocrx_word' id='word_1_61' title='bbox 548 1056 602 1109; x_wconf 85' lang='lat' dir='ltr'><strong>est.</strong></span> <span class='ocrx_word' id='word_1_62' title='bbox 632 1045 663 1108; x_wconf 93' lang='lat' dir='ltr'><strong>ld</strong></span> <span class='ocrx_word' id='word_1_63' title='bbox 680 1046 721 1108; x_wconf 85' lang='lat' dir='ltr'><strong>rel</strong></span> <span class='ocrx_word' id='word_1_64' title='bbox 736 1045 806 1107; x_wconf 91' lang='lat' dir='ltr'><strong>hinc</strong></span> <span class='ocrx_word' id='word_1_65' title='bbox 820 1044 947 1125; x_wconf 84' lang='lat' dir='ltr'><strong>colligas,</strong></span> <span class='ocrx_word' id='word_1_66' title='bbox 963 1042 1042 1123; x_wconf 91' lang='lat' dir='ltr'><strong>quod</strong></span> <span class='ocrx_word' id='word_1_67' title='bbox 1058 1041 1225 1104; x_wconf 73' lang='lat' dir='ltr'><strong>Gratiarum</strong></span> <span class='ocrx_word' id='word_1_68' title='bbox 1240 1057 1299 1101; x_wconf 91' lang='lat' dir='ltr'><strong>no·</strong></span> 
     </span>
     <span class='ocr_line' id='line_1_9' title="bbox 140 1138 1301 1229; baseline -0.003 -23"><span class='ocrx_word' id='word_1_69' title='bbox 140 1145 218 1208; x_wconf 76' lang='lat' dir='ltr'><strong>turine</strong></span> <span class='ocrx_word' id='word_1_70' title='bbox 238 1147 315 1228; x_wconf 85' lang='lat' dir='ltr'><strong>apud</strong></span> <span class='ocrx_word' id='word_1_71' title='bbox 334 1149 526 1211; x_wconf 71' lang='lat' dir='ltr'><strong>Athenienses</strong></span> <span class='ocrx_word' id='word_1_72' title='bbox 546 1148 715 1211; x_wconf 85' lang='lat' dir='ltr'><strong>colebantur</strong></span> <span class='ocrx_word' id='word_1_73' title='bbox 734 1148 774 1211; x_wconf 86' lang='lat' dir='ltr'><em>A</em></span> <span class='ocrx_word' id='word_1_74' title='bbox 781 1139 854 1225; x_wconf 81' lang='grc' dir='ltr'><strong><em>ίξιί</em></strong></span> <span class='ocrx_word' id='word_1_75' title='bbox 874 1157 903 1208; x_wconf 87' lang='grc' dir='ltr'>οι</span> <span class='ocrx_word' id='word_1_76' title='bbox 917 1138 1124 1229; x_wconf 64' lang='grc' dir='ltr'><strong>Ἡγεμόνη,</strong></span> <span class='ocrx_word' id='word_1_77' title='bbox 1143 1141 1255 1205; x_wconf 79' lang='lat' dir='ltr'><strong>husin</strong></span> <span class='ocrx_word' id='word_1_78' title='bbox 1270 1150 1301 1202; x_wconf 90' lang='lat' dir='ltr'><strong>et</strong></span> 
     </span>
     <span class='ocr_line' id='line_1_10' title="bbox 141 1246 1301 1331; baseline -0.003 -22"><span class='ocrx_word' id='word_1_79' title='bbox 141 1248 322 1324; x_wconf 79' lang='lat' dir='ltr'><strong>l‘raehita,</strong></span> <span class='ocrx_word' id='word_1_80' title='bbox 343 1270 466 1331; x_wconf 79' lang='lat' dir='ltr'><strong>‹qunmm</strong></span> <span class='ocrx_word' id='word_1_81' title='bbox 488 1251 605 1315; x_wconf 86' lang='lat' dir='ltr'><strong>alteram</strong></span> <span class='ocrx_word' id='word_1_82' title='bbox 626 1250 748 1331; x_wconf 89' lang='lat' dir='ltr'><strong>augendi</strong></span> <span class='ocrx_word' id='word_1_83' title='bbox 764 1260 793 1312; x_wconf 87' lang='lat' dir='ltr'><strong>et</strong></span> <span class='ocrx_word' id='word_1_84' title='bbox 808 1247 958 1312; x_wconf 83' lang='lat' dir='ltr'><strong>crescendi</strong></span> <span class='ocrx_word' id='word_1_85' title='bbox 973 1247 1031 1310; x_wconf 81' lang='lat' dir='ltr'><strong>ciro</strong></span> <span class='ocrx_word' id='word_1_86' title='bbox 1047 1246 1153 1308; x_wconf 78' lang='lat' dir='ltr'><strong>holere</strong></span> <span class='ocrx_word' id='word_1_87' title='bbox 1168 1253 1301 1326; x_wconf 81' lang='lat' dir='ltr'><strong>apparot.</strong></span> 
     </span>
     <span class='ocr_line' id='line_1_11' title="bbox 140 1344 1409 1432; baseline -0.006 -20"><span class='ocrx_word' id='word_1_88' title='bbox 140 1351 259 1414; x_wconf 87' lang='lat' dir='ltr'><strong>alteram</strong></span> <span class='ocrx_word' id='word_1_89' title='bbox 286 1362 381 1414; x_wconf 90' lang='lat' dir='ltr'><strong>autem</strong></span> <span class='ocrx_word' id='word_1_90' title='bbox 409 1362 530 1416; x_wconf 87' lang='lat' dir='ltr'><strong>naturae</strong></span> <span class='ocrx_word' id='word_1_91' title='bbox 555 1354 632 1416; x_wconf 80' lang='lat' dir='ltr'><strong>neos</strong></span> <span class='ocrx_word' id='word_1_92' title='bbox 651 1371 752 1432; x_wconf 86' lang='lat' dir='ltr'><strong>regere</strong></span> <span class='ocrx_word' id='word_1_93' title='bbox 771 1351 864 1431; x_wconf 85' lang='lat' dir='ltr'><strong>iisque</strong></span> <span class='ocrx_word' id='word_1_94' title='bbox 885 1350 960 1412; x_wconf 86' lang='lat' dir='ltr'><strong>riam</strong></span> <span class='ocrx_word' id='word_1_95' title='bbox 981 1359 1146 1412; x_wconf 81' lang='lat' dir='ltr'><strong>inonstrare</strong></span> <span class='ocrx_word' id='word_1_96' title='bbox 1164 1357 1193 1408; x_wconf 92' lang='lat' dir='ltr'><strong>et</strong></span> <span class='ocrx_word' id='word_1_97' title='bbox 1213 1344 1299 1426; x_wconf 80' lang='lat' dir='ltr'><strong>rqsrasi</strong></span> <span class='ocrx_word' id='word_1_98' title='bbox 1408 1379 1409 1382; x_wconf 61' lang='lat'><em>=</em></span> 
     </span>
     <span class='ocr_line' id='line_1_12' title="bbox 141 1451 1302 1536; baseline -0.003 -26"><span class='ocrx_word' id='word_1_99' title='bbox 141 1453 302 1532; x_wconf 77' lang='lat' dir='ltr'><strong>qiraebitere</strong></span> <span class='ocrx_word' id='word_1_100' title='bbox 326 1454 355 1516; x_wconf 92' lang='lat' dir='ltr'><strong>h.</strong></span> <span class='ocrx_word' id='word_1_101' title='bbox 372 1474 396 1516; x_wconf 91' lang='lat' dir='ltr'><strong>e.</strong></span> <span class='ocrx_word' id='word_1_102' title='bbox 423 1455 550 1536; x_wconf 81' lang='lat' dir='ltr'><strong>praeire:</strong></span> <span class='ocrx_word' id='word_1_103' title='bbox 575 1454 680 1534; x_wconf 81' lang='lat' dir='ltr'><strong>hisque</strong></span> <span class='ocrx_word' id='word_1_104' title='bbox 705 1453 734 1514; x_wconf 93' lang='lat' dir='ltr'><strong>in</strong></span> <span class='ocrx_word' id='word_1_105' title='bbox 761 1452 895 1533; x_wconf 83' lang='lat' dir='ltr'><strong>populari</strong></span> <span class='ocrx_word' id='word_1_106' title='bbox 921 1451 1060 1532; x_wconf 75' lang='lat' dir='ltr'><strong>religione</strong></span> <span class='ocrx_word' id='word_1_107' title='bbox 1080 1451 1219 1513; x_wconf 83' lang='lat' dir='ltr'><strong>arlimrcta</strong></span> <span class='ocrx_word' id='word_1_108' title='bbox 1238 1455 1302 1510; x_wconf 88' lang='lat' dir='ltr'><strong>erat</strong></span> 
     </span>
     <span class='ocr_line' id='line_1_13' title="bbox 144 1549 1300 1635; baseline -0.004 -19"><span class='ocrx_word' id='word_1_109' title='bbox 144 1549 294 1631; x_wconf 78' lang='grc' dir='ltr'><strong><em>Θαλλώ,</em></strong></span> <span class='ocrx_word' id='word_1_110' title='bbox 316 1556 431 1629; x_wconf 84' lang='lat' dir='ltr'><strong>Flora,</strong></span> <span class='ocrx_word' id='word_1_111' title='bbox 450 1575 508 1619; x_wconf 87' lang='lat' dir='ltr'><strong>unu</strong></span> <span class='ocrx_word' id='word_1_112' title='bbox 528 1576 562 1619; x_wconf 85' lang='lat' dir='ltr'><strong>ex</strong></span> <span class='ocrx_word' id='word_1_113' title='bbox 578 1556 666 1618; x_wconf 89' lang='lat' dir='ltr'><strong>lloris</strong></span> <span class='ocrx_word' id='word_1_114' title='bbox 682 1574 706 1617; x_wconf 90' lang='lat' dir='ltr'><strong>s.</strong></span> <span class='ocrx_word' id='word_1_115' title='bbox 722 1553 898 1634; x_wconf 76' lang='lat' dir='ltr'><strong>Tempmih,</strong></span> <span class='ocrx_word' id='word_1_116' title='bbox 918 1572 992 1635; x_wconf 86' lang='lat' dir='ltr'><strong>quae</strong></span> <span class='ocrx_word' id='word_1_117' title='bbox 1012 1552 1110 1614; x_wconf 89' lang='lat' dir='ltr'><strong>omnia</strong></span> <span class='ocrx_word' id='word_1_118' title='bbox 1129 1553 1233 1612; x_wconf 82' lang='lat' dir='ltr'><strong>llorere</strong></span> <span class='ocrx_word' id='word_1_119' title='bbox 1254 1551 1300 1611; x_wconf 83' lang='lat' dir='ltr'><strong>la·</strong></span> 
     </span>
     <span class='ocr_line' id='line_1_14' title="bbox 142 1651 1301 1740; baseline -0.003 -23"><span class='ocrx_word' id='word_1_120' title='bbox 142 1658 247 1735; x_wconf 66' lang='grc' dir='ltr'>αἰιιῐ).</span> <span class='ocrx_word' id='word_1_121' title='bbox 274 1658 375 1739; x_wconf 80' lang='lat' dir='ltr'><strong>Neque</strong></span> <span class='ocrx_word' id='word_1_122' title='bbox 386 1676 524 1740; x_wconf 87' lang='lat' dir='ltr'><strong>unquam,</strong></span> <span class='ocrx_word' id='word_1_123' title='bbox 540 1658 656 1739; x_wconf 78' lang='lat' dir='ltr'><strong>opinor,</strong></span> <span class='ocrx_word' id='word_1_124' title='bbox 671 1659 801 1720; x_wconf 89' lang='lat' dir='ltr'><strong>loturum</strong></span> <span class='ocrx_word' id='word_1_125' title='bbox 813 1656 926 1728; x_wconf 86' lang='lat' dir='ltr'><strong>luisset,</strong></span> <span class='ocrx_word' id='word_1_126' title='bbox 942 1664 973 1717; x_wconf 91' lang='lat' dir='ltr'><strong>ut</strong></span> <span class='ocrx_word' id='word_1_127' title='bbox 985 1653 1098 1718; x_wconf 87' lang='lat' dir='ltr'><strong>Gratias</strong></span> <span class='ocrx_word' id='word_1_128' title='bbox 1109 1651 1301 1717; x_wconf 79' lang='lat' dir='ltr'><strong>Orchomenii</strong></span> 
     </span>
     <span class='ocr_line' id='line_1_15' title="bbox 143 1755 1303 1842; baseline -0.004 -23"><span class='ocrx_word' id='word_1_129' title='bbox 143 1778 196 1840; x_wconf 79' lang='lat' dir='ltr'><strong>pro</strong></span> <span class='ocrx_word' id='word_1_130' title='bbox 216 1760 343 1822; x_wconf 86' lang='lat' dir='ltr'><strong>summis</strong></span> <span class='ocrx_word' id='word_1_131' title='bbox 362 1761 533 1823; x_wconf 86' lang='lat' dir='ltr'><strong>nominihus</strong></span> <span class='ocrx_word' id='word_1_132' title='bbox 552 1769 667 1842; x_wconf 80' lang='lat' dir='ltr'><strong>praeter</strong></span> <span class='ocrx_word' id='word_1_133' title='bbox 686 1770 781 1823; x_wconf 85' lang='lat' dir='ltr'><strong>cetero</strong></span> <span class='ocrx_word' id='word_1_134' title='bbox 801 1758 926 1821; x_wconf 82' lang='lat' dir='ltr'><strong>solemni</strong></span> <span class='ocrx_word' id='word_1_135' title='bbox 945 1757 1085 1837; x_wconf 87' lang='lat' dir='ltr'><strong>religiono</strong></span> <span class='ocrx_word' id='word_1_136' title='bbox 1104 1755 1303 1830; x_wconf 71' lang='lat' dir='ltr'><strong>colerent³⁸)‚</strong></span> 
     </span>
     <span class='ocr_line' id='line_1_16' title="bbox 142 1856 1303 1946; baseline -0.005 -24"><span class='ocrx_word' id='word_1_137' title='bbox 142 1861 169 1946; x_wconf 88' lang='lat' dir='ltr'><strong>si</strong></span> <span class='ocrx_word' id='word_1_138' title='bbox 183 1861 255 1924; x_wconf 90' lang='lat' dir='ltr'><strong>nihil</strong></span> <span class='ocrx_word' id='word_1_139' title='bbox 269 1861 299 1924; x_wconf 91' lang='lat' dir='ltr'><strong>in</strong></span> <span class='ocrx_word' id='word_1_140' title='bbox 315 1861 350 1924; x_wconf 90' lang='lat' dir='ltr'><strong>iis</strong></span> <span class='ocrx_word' id='word_1_141' title='bbox 365 1862 422 1924; x_wconf 86' lang='lat' dir='ltr'><strong>nisi</strong></span> <span class='ocrx_word' id='word_1_142' title='bbox 438 1863 620 1937; x_wconf 80' lang='lat' dir='ltr'><strong>hilaritatem,</strong></span> <span class='ocrx_word' id='word_1_143' title='bbox 631 1862 768 1925; x_wconf 86' lang='lat' dir='ltr'><strong>laetitiam</strong></span> <span class='ocrx_word' id='word_1_144' title='bbox 784 1870 813 1924; x_wconf 87' lang='lat' dir='ltr'><strong>et</strong></span> <span class='ocrx_word' id='word_1_145' title='bbox 828 1860 1009 1924; x_wconf 71' lang='lat' dir='ltr'><strong>festivitatem</strong></span> <span class='ocrx_word' id='word_1_146' title='bbox 1024 1878 1090 1921; x_wconf 85' lang='lat' dir='ltr'><strong>esse</strong></span> <span class='ocrx_word' id='word_1_147' title='bbox 1100 1856 1303 1920; x_wconf 84' lang='lat' dir='ltr'><strong>credidissent.</strong></span> 
     </span>
     <span class='ocr_line' id='line_1_17' title="bbox 143 1958 1304 2038; baseline -0.004 -12"><span class='ocrx_word' id='word_1_148' title='bbox 143 1964 201 2026; x_wconf 84' lang='lat' dir='ltr'><strong>Sed</strong></span> <span class='ocrx_word' id='word_1_149' title='bbox 218 1967 336 2028; x_wconf 89' lang='lat' dir='ltr'><strong>luerunt</strong></span> <span class='ocrx_word' id='word_1_150' title='bbox 349 1965 411 2027; x_wconf 91' lang='lat' dir='ltr'><strong>illae</strong></span> <span class='ocrx_word' id='word_1_151' title='bbox 425 1966 461 2028; x_wconf 93' lang='lat' dir='ltr'><strong>ab</strong></span> <span class='ocrx_word' id='word_1_152' title='bbox 476 1965 558 2028; x_wconf 91' lang='lat' dir='ltr'><strong>initio</strong></span> <span class='ocrx_word' id='word_1_153' title='bbox 574 1964 669 2028; x_wconf 89' lang='lat' dir='ltr'><strong>honae</strong></span> <span class='ocrx_word' id='word_1_154' title='bbox 685 1966 756 2028; x_wconf 76' lang='lat' dir='ltr'><strong>oleae</strong></span> <span class='ocrx_word' id='word_1_155' title='bbox 770 1975 800 2028; x_wconf 87' lang='lat' dir='ltr'><strong>et</strong></span> <span class='ocrx_word' id='word_1_156' title='bbox 811 1966 964 2038; x_wconf 79' lang='lat' dir='ltr'><strong>lonclirac,</strong></span> <span class='ocrx_word' id='word_1_157' title='bbox 979 1971 1098 2025; x_wconf 85' lang='lat' dir='ltr'><strong>naturae</strong></span> <span class='ocrx_word' id='word_1_158' title='bbox 1109 1976 1232 2023; x_wconf 77' lang='lat' dir='ltr'><strong>ricimero</strong></span> <span class='ocrx_word' id='word_1_159' title='bbox 1244 1958 1304 2021; x_wconf 91' lang='lat' dir='ltr'><strong>ho·</strong></span> 
     </span>
     <span class='ocr_line' id='line_1_18' title="bbox 144 2063 1303 2150; baseline -0.004 -21"><span class='ocrx_word' id='word_1_160' title='bbox 144 2067 275 2130; x_wconf 84' lang='lat' dir='ltr'><strong>minibus</strong></span> <span class='ocrx_word' id='word_1_161' title='bbox 295 2067 490 2148; x_wconf 79' lang='lat' dir='ltr'><strong>gratificantes</strong></span> <span class='ocrx_word' id='word_1_162' title='bbox 507 2086 637 2150; x_wconf 84' lang='lat' dir='ltr'><strong>quaeque</strong></span> <span class='ocrx_word' id='word_1_163' title='bbox 652 2069 827 2150; x_wconf 74' lang='lat' dir='ltr'><strong>proveniunt</strong></span> <span class='ocrx_word' id='word_1_164' title='bbox 841 2088 875 2130; x_wconf 85' lang='lat' dir='ltr'><strong>er</strong></span> <span class='ocrx_word' id='word_1_165' title='bbox 892 2075 985 2130; x_wconf 86' lang='lat' dir='ltr'><strong>terrae</strong></span> <span class='ocrx_word' id='word_1_166' title='bbox 999 2065 1112 2147; x_wconf 82' lang='lat' dir='ltr'><strong>grentio</strong></span> <span class='ocrx_word' id='word_1_167' title='bbox 1126 2063 1204 2126; x_wconf 78' lang='grc' dir='ltr'>Ιιοοι</span> <span class='ocrx_word' id='word_1_168' title='bbox 1220 2073 1303 2144; x_wconf 83' lang='lat' dir='ltr'><strong>grata</strong></span> 
     </span>
     <span class='ocr_line' id='line_1_19' title="bbox 144 2166 1303 2254; baseline -0.003 -22"><span class='ocrx_word' id='word_1_169' title='bbox 144 2181 172 2233; x_wconf 85' lang='lat' dir='ltr'><strong>ot</strong></span> <span class='ocrx_word' id='word_1_170' title='bbox 187 2171 266 2234; x_wconf 87' lang='lat' dir='ltr'><strong>utilia</strong></span> <span class='ocrx_word' id='word_1_171' title='bbox 282 2173 497 2253; x_wconf 83' lang='lat' dir='ltr'><strong>dispensantes,</strong></span> <span class='ocrx_word' id='word_1_172' title='bbox 512 2192 585 2254; x_wconf 91' lang='lat' dir='ltr'><strong>quae</strong></span> <span class='ocrx_word' id='word_1_173' title='bbox 600 2172 624 2233; x_wconf 86' lang='lat' dir='ltr'><strong>si</strong></span> <span class='ocrx_word' id='word_1_174' title='bbox 640 2172 744 2234; x_wconf 82' lang='lat' dir='ltr'><strong>Veneri</strong></span> <span class='ocrx_word' id='word_1_175' title='bbox 760 2171 912 2233; x_wconf 87' lang='lat' dir='ltr'><strong>adiunctae</strong></span> <span class='ocrx_word' id='word_1_176' title='bbox 923 2171 1050 2242; x_wconf 72' lang='lat' dir='ltr'><strong>luenmt,</strong></span> <span class='ocrx_word' id='word_1_177' title='bbox 1065 2168 1227 2230; x_wconf 88' lang='lat' dir='ltr'><strong>utloerunt</strong></span> <span class='ocrx_word' id='word_1_178' title='bbox 1237 2166 1303 2228; x_wconf 85' lang='lat' dir='ltr'><strong>sine</strong></span> 
     </span>
     <span class='ocr_line' id='line_1_20' title="bbox 145 2269 1303 2356; baseline -0.002 -22"><span class='ocrx_word' id='word_1_179' title='bbox 145 2274 248 2349; x_wconf 84' lang='lat' dir='ltr'><strong>dubio,</strong></span> <span class='ocrx_word' id='word_1_180' title='bbox 278 2274 445 2355; x_wconf 89' lang='lat' dir='ltr'><strong>genitricem</strong></span> <span class='ocrx_word' id='word_1_181' title='bbox 473 2275 614 2338; x_wconf 84' lang='lat' dir='ltr'><strong>Venerem</strong></span> <span class='ocrx_word' id='word_1_182' title='bbox 640 2275 806 2356; x_wconf 81' lang='lat' dir='ltr'><strong>almamque</strong></span> <span class='ocrx_word' id='word_1_183' title='bbox 832 2283 954 2336; x_wconf 84' lang='lat' dir='ltr'><strong>matrem</strong></span> <span class='ocrx_word' id='word_1_184' title='bbox 983 2271 1074 2335; x_wconf 87' lang='lat' dir='ltr'><strong>luisse</strong></span> <span class='ocrx_word' id='word_1_185' title='bbox 1099 2269 1303 2350; x_wconf 77' lang='lat' dir='ltr'><strong>cogitabimus.</strong></span> 
     </span>
     <span class='ocr_line' id='line_1_21' title="bbox 144 2373 1303 2460; baseline -0.003 -20"><span class='ocrx_word' id='word_1_186' title='bbox 144 2377 212 2440; x_wconf 84' lang='lat' dir='ltr'><strong>llox</strong></span> <span class='ocrx_word' id='word_1_187' title='bbox 236 2387 334 2440; x_wconf 86' lang='lat' dir='ltr'><strong>autom</strong></span> <span class='ocrx_word' id='word_1_188' title='bbox 358 2379 606 2460; x_wconf 81' lang='lat' dir='ltr'><strong>quemadmodum</strong></span> <span class='ocrx_word' id='word_1_189' title='bbox 628 2378 745 2442; x_wconf 79' lang='lat' dir='ltr'><strong>Veneris</strong></span> <span class='ocrx_word' id='word_1_190' title='bbox 770 2379 940 2441; x_wconf 81' lang='lat' dir='ltr'><strong>maiestasa</strong></span> <span class='ocrx_word' id='word_1_191' title='bbox 961 2374 1056 2458; x_wconf 83' lang='lat' dir='ltr'><strong>poetis</strong></span> <span class='ocrx_word' id='word_1_192' title='bbox 1076 2373 1228 2437; x_wconf 86' lang='lat' dir='ltr'><strong>imminuta</strong></span> <span class='ocrx_word' id='word_1_193' title='bbox 1247 2383 1303 2446; x_wconf 85' lang='lat' dir='ltr'><strong>est,</strong></span> 
     </span>
     <span class='ocr_line' id='line_1_22' title="bbox 145 2477 1306 2565; baseline -0.003 -22"><span class='ocrx_word' id='word_1_194' title='bbox 145 2487 178 2543; x_wconf 90' lang='lat' dir='ltr'><strong>ut</strong></span> <span class='ocrx_word' id='word_1_195' title='bbox 192 2479 263 2543; x_wconf 93' lang='lat' dir='ltr'><strong>nihil</strong></span> <span class='ocrx_word' id='word_1_196' title='bbox 277 2479 303 2542; x_wconf 94' lang='lat' dir='ltr'><strong>ei</strong></span> <span class='ocrx_word' id='word_1_197' title='bbox 318 2491 434 2561; x_wconf 86' lang='lat' dir='ltr'><strong>praeter</strong></span> <span class='ocrx_word' id='word_1_198' title='bbox 444 2500 577 2545; x_wconf 90' lang='lat' dir='ltr'><strong>amorem</strong></span> <span class='ocrx_word' id='word_1_199' title='bbox 591 2491 832 2565; x_wconf 82' lang='lat' dir='ltr'><strong>venustatemque</strong></span> <span class='ocrx_word' id='word_1_200' title='bbox 847 2481 1071 2562; x_wconf 85' lang='lat' dir='ltr'><strong>relinqueretur,</strong></span> <span class='ocrx_word' id='word_1_201' title='bbox 1086 2478 1124 2541; x_wconf 91' lang='lat' dir='ltr'><strong>ita</strong></span> <span class='ocrx_word' id='word_1_202' title='bbox 1139 2477 1306 2541; x_wconf 84' lang='lat' dir='ltr'><strong>Gratiarum</strong></span> 
     </span>
     <span class='ocr_line' id='line_1_23' title="bbox 146 2580 1307 2668; baseline 0 -24"><span class='ocrx_word' id='word_1_203' title='bbox 146 2602 264 2664; x_wconf 86' lang='lat' dir='ltr'><strong>quoque</strong></span> <span class='ocrx_word' id='word_1_204' title='bbox 291 2601 400 2646; x_wconf 87' lang='lat' dir='ltr'><strong>numen</strong></span> <span class='ocrx_word' id='word_1_205' title='bbox 430 2584 648 2665; x_wconf 87' lang='lat' dir='ltr'><strong>angustioribus</strong></span> <span class='ocrx_word' id='word_1_206' title='bbox 674 2585 849 2668; x_wconf 87' lang='lat' dir='ltr'><strong>quibusdam</strong></span> <span class='ocrx_word' id='word_1_207' title='bbox 873 2584 983 2646; x_wconf 86' lang='lat' dir='ltr'><strong>linibus</strong></span> <span class='ocrx_word' id='word_1_208' title='bbox 1007 2580 1209 2646; x_wconf 85' lang='lat' dir='ltr'><strong>circumscribi</strong></span> <span class='ocrx_word' id='word_1_209' title='bbox 1234 2599 1307 2644; x_wconf 86' lang='lat' dir='ltr'><strong>coe·</strong></span> 
     </span>
     <span class='ocr_line' id='line_1_24' title="bbox 148 2684 1307 2770; baseline -0.001 -25"><span class='ocrx_word' id='word_1_210' title='bbox 148 2694 230 2767; x_wconf 76' lang='lat' dir='ltr'><strong>ptum</strong></span> <span class='ocrx_word' id='word_1_211' title='bbox 251 2694 344 2748; x_wconf 89' lang='lat' dir='ltr'><strong>estet</strong></span> <span class='ocrx_word' id='word_1_212' title='bbox 362 2706 378 2749; x_wconf 88' lang='lat' dir='ltr'><strong>a</strong></span> <span class='ocrx_word' id='word_1_213' title='bbox 400 2687 600 2750; x_wconf 76' lang='lat' dir='ltr'><strong>moderamine</strong></span> <span class='ocrx_word' id='word_1_214' title='bbox 615 2708 650 2751; x_wconf 86' lang='lat' dir='ltr'><strong>ac</strong></span> <span class='ocrx_word' id='word_1_215' title='bbox 668 2687 887 2770; x_wconf 78' lang='lat' dir='ltr'><strong>dispensatione</strong></span> <span class='ocrx_word' id='word_1_216' title='bbox 907 2696 1000 2750; x_wconf 84' lang='lat' dir='ltr'><strong>terrae</strong></span> <span class='ocrx_word' id='word_1_217' title='bbox 1020 2702 1177 2748; x_wconf 90' lang='lat' dir='ltr'><strong>munerum</strong></span> <span class='ocrx_word' id='word_1_218' title='bbox 1195 2684 1232 2746; x_wconf 86' lang='lat' dir='ltr'><strong>ad</strong></span> <span class='ocrx_word' id='word_1_219' title='bbox 1253 2684 1307 2746; x_wconf 88' lang='lat' dir='ltr'><strong>de·</strong></span> 
     </span>
     <span class='ocr_line' id='line_1_25' title="bbox 148 2784 1310 2872; baseline -0.002 -22"><span class='ocrx_word' id='word_1_220' title='bbox 148 2789 330 2851; x_wconf 72' lang='lat' dir='ltr'><strong>temtationem</strong></span> <span class='ocrx_word' id='word_1_221' title='bbox 351 2790 519 2853; x_wconf 91' lang='lat' dir='ltr'><strong>animorum</strong></span> <span class='ocrx_word' id='word_1_222' title='bbox 540 2792 708 2872; x_wconf 90' lang='lat' dir='ltr'><strong>cultumque</strong></span> <span class='ocrx_word' id='word_1_223' title='bbox 728 2790 801 2853; x_wconf 82' lang='lat' dir='ltr'><strong>ritae</strong></span> <span class='ocrx_word' id='word_1_224' title='bbox 822 2789 943 2852; x_wconf 87' lang='lat' dir='ltr'><strong>hilarem</strong></span> <span class='ocrx_word' id='word_1_225' title='bbox 962 2797 991 2851; x_wconf 89' lang='lat' dir='ltr'><strong>et</strong></span> <span class='ocrx_word' id='word_1_226' title='bbox 1012 2787 1173 2851; x_wconf 88' lang='lat' dir='ltr'><strong>iucundum</strong></span> <span class='ocrx_word' id='word_1_227' title='bbox 1188 2784 1310 2862; x_wconf 72' lang='lat' dir='ltr'><strong>traduci,</strong></span> 
     </span>
     <span class='ocr_line' id='line_1_26' title="bbox 150 2892 912 2975; baseline -0.001 -20"><span class='ocrx_word' id='word_1_228' title='bbox 150 2903 181 2955; x_wconf 89' lang='lat' dir='ltr'><strong>ut</strong></span> <span class='ocrx_word' id='word_1_229' title='bbox 195 2892 387 2975; x_wconf 75' lang='lat' dir='ltr'><strong>inlpertircnt,</strong></span> <span class='ocrx_word' id='word_1_230' title='bbox 402 2893 652 2975; x_wconf 87' lang='lat' dir='ltr'><strong>quemadmodum</strong></span> <span class='ocrx_word' id='word_1_231' title='bbox 669 2893 813 2958; x_wconf 83' lang='lat' dir='ltr'><strong>Pindarus</strong></span> <span class='ocrx_word' id='word_1_232' title='bbox 827 2893 912 2967; x_wconf 74' lang='lat' dir='ltr'><strong>canit,</strong></span> 
     </span>
    </p>

    <p class='ocr_par' dir='ltr' id='par_1_5' title="bbox 212 2990 1038 3079">
     <span class='ocr_line' id='line_1_27' title="bbox 212 2990 1038 3079; baseline -0.002 -20"><span class='ocrx_word' id='word_1_233' title='bbox 212 2990 255 3059; x_wconf 85' lang='grc' dir='ltr'><strong>τοί</strong></span> <span class='ocrx_word' id='word_1_234' title='bbox 270 3016 306 3058; x_wconf 84' lang='grc' dir='ltr'>τι</span> <span class='ocrx_word' id='word_1_235' title='bbox 327 2992 452 3079; x_wconf 79' lang='grc' dir='ltr'><strong><em>τερπνοί</em></strong></span> <span class='ocrx_word' id='word_1_236' title='bbox 474 2991 596 3060; x_wconf 78' lang='grc' dir='ltr'><strong><em>καὶτὰ</em></strong></span> <span class='ocrx_word' id='word_1_237' title='bbox 618 2991 737 3078; x_wconf 72' lang='grc' dir='ltr'><strong><em>γλυκέα</em></strong></span> <span class='ocrx_word' id='word_1_238' title='bbox 759 2990 870 3059; x_wconf 77' lang='grc' dir='ltr'><strong><em>πάντα</em></strong></span> <span class='ocrx_word' id='word_1_239' title='bbox 891 2995 1038 3078; x_wconf 77' lang='grc' dir='ltr'><strong><em>βροτοῖς,</em></strong></span> 
     </span>
    </p>

    <p class='ocr_par' dir='ltr' id='par_1_6' title="bbox 215 3089 959 3185">
     <span class='ocr_line' id='line_1_28' title="bbox 215 3089 959 3185; baseline -0.004 -23"><span class='ocrx_word' id='word_1_240' title='bbox 215 3091 246 3162; x_wconf 81' lang='lat' dir='ltr'><strong>ei</strong></span> <span class='ocrx_word' id='word_1_241' title='bbox 268 3094 387 3185; x_wconf 82' lang='grc' dir='ltr'><strong><em>σοφός,</em></strong></span> <span class='ocrx_word' id='word_1_242' title='bbox 411 3092 441 3162; x_wconf 82' lang='grc' dir='ltr'><strong>εἰ</strong></span> <span class='ocrx_word' id='word_1_243' title='bbox 463 3093 572 3175; x_wconf 80' lang='grc' dir='ltr'><strong><em>καλός,</em></strong></span> <span class='ocrx_word' id='word_1_244' title='bbox 595 3092 631 3162; x_wconf 81' lang='lat' dir='ltr'><strong>ei&#39;</strong></span> <span class='ocrx_word' id='word_1_245' title='bbox 648 3120 701 3176; x_wconf 86' lang='grc' dir='ltr'>τις</span> <span class='ocrx_word' id='word_1_246' title='bbox 724 3091 847 3181; x_wconf 78' lang='grc' dir='ltr'><strong><em>α’γλαὸς</em></strong></span> <span class='ocrx_word' id='word_1_247' title='bbox 870 3089 959 3181; x_wconf 72' lang='grc' dir='ltr'><strong><em>ἀνήρ.</em></strong></span> 
     </span>
    </p>

    <p class='ocr_par' dir='ltr' id='par_1_7' title="bbox 215 3191 888 3286">
     <span class='ocr_line' id='line_1_29' title="bbox 215 3191 888 3286; baseline 0 -22"><span class='ocrx_word' id='word_1_248' title='bbox 215 3192 292 3264; x_wconf 82' lang='grc' dir='ltr'><strong><em>οίίτε</em></strong></span> <span class='ocrx_word' id='word_1_249' title='bbox 313 3197 375 3284; x_wconf 76' lang='grc' dir='ltr'><strong>γὰρ</strong></span> <span class='ocrx_word' id='word_1_250' title='bbox 397 3196 477 3265; x_wconf 71' lang='grc' dir='ltr'><strong><em>θεοί</em></strong></span> <span class='ocrx_word' id='word_1_251' title='bbox 492 3198 612 3283; x_wconf 82' lang='grc' dir='ltr'><strong><em>σεμνᾶν</em></strong></span> <span class='ocrx_word' id='word_1_252' title='bbox 633 3194 789 3286; x_wconf 80' lang='grc' dir='ltr'><strong><em>Χαρίτων</em></strong></span> <span class='ocrx_word' id='word_1_253' title='bbox 810 3191 888 3283; x_wconf 70' lang='grc' dir='ltr'><strong><em>ἄτερ</em></strong></span> 
     </span>
    </p>

    <p class='ocr_par' dir='ltr' id='par_1_8' title="bbox 213 3293 1223 3387">
     <span class='ocr_line' id='line_1_30' title="bbox 213 3293 1223 3387; baseline -0.004 -20"><span class='ocrx_word' id='word_1_254' title='bbox 213 3298 436 3387; x_wconf 77' lang='grc' dir='ltr'>κοιρανέοισιν</span> <span class='ocrx_word' id='word_1_255' title='bbox 456 3299 573 3387; x_wconf 74' lang='grc' dir='ltr'><strong><em>χοροίς</em></strong></span> <span class='ocrx_word' id='word_1_256' title='bbox 595 3296 670 3366; x_wconf 72' lang='grc' dir='ltr'><strong><em>οίίτε</em></strong></span> <span class='ocrx_word' id='word_1_257' title='bbox 692 3301 822 3380; x_wconf 82' lang='grc' dir='ltr'><strong><em>δαῖτας·</em></strong></span> <span class='ocrx_word' id='word_1_258' title='bbox 846 3294 930 3365; x_wconf 72' lang='lat' dir='ltr'><strong>dttd</strong></span> <span class='ocrx_word' id='word_1_259' title='bbox 953 3294 1085 3363; x_wconf 77' lang='grc' dir='ltr'><strong><em>πάντων</em></strong></span> <span class='ocrx_word' id='word_1_260' title='bbox 1105 3293 1223 3382; x_wconf 79' lang='grc' dir='ltr'><strong><em>ταμίαι</em></strong></span> 
     </span>
    </p>

    <p class='ocr_par' dir='ltr' id='par_1_9' title="bbox 215 3396 1032 3493">
     <span class='ocr_line' id='line_1_31' title="bbox 215 3396 1032 3493; baseline -0.005 -23"><span class='ocrx_word' id='word_1_261' title='bbox 215 3397 318 3489; x_wconf 72' lang='grc' dir='ltr'><strong><em>ἔργων</em></strong></span> <span class='ocrx_word' id='word_1_262' title='bbox 339 3398 373 3469; x_wconf 79' lang='grc' dir='ltr'><strong>ἐν</strong></span> <span class='ocrx_word' id='word_1_263' title='bbox 395 3396 533 3493; x_wconf 72' lang='grc' dir='ltr'><strong><em>οὐρανῷ,</em></strong></span> <span class='ocrx_word' id='word_1_264' title='bbox 555 3399 754 3490; x_wconf 84' lang='grc' dir='ltr'><strong><em>χρυσότοξον</em></strong></span> <span class='ocrx_word' id='word_1_265' title='bbox 774 3401 915 3488; x_wconf 74' lang='grc' dir='ltr'><strong><em>θέμεναι</em></strong></span> <span class='ocrx_word' id='word_1_266' title='bbox 938 3399 1032 3488; x_wconf 78' lang='grc' dir='ltr'><strong><em>παρὰ</em></strong></span> 
     </span>
    </p>

    <p class='ocr_par' dir='ltr' id='par_1_10' title="bbox 215 3500 1368 3593">
     <span class='ocr_line' id='line_1_32' title="bbox 215 3500 1368 3593; baseline -0.003 -19"><span class='ocrx_word' id='word_1_267' title='bbox 215 3504 351 3574; x_wconf 73' lang='grc' dir='ltr'><strong><em>Πύθιον</em></strong></span> <span class='ocrx_word' id='word_1_268' title='bbox 370 3500 569 3573; x_wconf 79' lang='grc' dir='ltr'><strong><em>Ἀπόλλωνα</em></strong></span> <span class='ocrx_word' id='word_1_269' title='bbox 589 3502 746 3593; x_wconf 72' lang='grc' dir='ltr'><strong><em>θρόνους,</em></strong></span> <span class='ocrx_word' id='word_1_270' title='bbox 1336 3529 1368 3581; x_wconf 78' lang='lat' dir='ltr'><strong>m</strong></span> 
     </span>
    </p>

    <p class='ocr_par' dir='ltr' id='par_1_11' title="bbox 154 3602 1318 3903">
     <span class='ocr_line' id='line_1_33' title="bbox 216 3602 983 3698; baseline -0.005 -21"><span class='ocrx_word' id='word_1_271' title='bbox 216 3607 334 3678; x_wconf 76' lang='grc' dir='ltr'><strong><em>ἀέναον</em></strong></span> <span class='ocrx_word' id='word_1_272' title='bbox 354 3606 485 3696; x_wconf 79' lang='grc' dir='ltr'><strong><em>σέβοντι</em></strong></span> <span class='ocrx_word' id='word_1_273' title='bbox 507 3607 636 3698; x_wconf 81' lang='grc' dir='ltr'><strong><em>πατρὸς</em></strong></span> <span class='ocrx_word' id='word_1_274' title='bbox 653 3602 853 3693; x_wconf 78' lang='grc' dir='ltr'><strong><em>Ὀλυμπίοιο</em></strong></span> <span class='ocrx_word' id='word_1_275' title='bbox 874 3605 983 3691; x_wconf 61' lang='lat' dir='ltr'><strong>rapide.</strong></span> 
     </span>
     <span class='ocr_line' id='line_1_34' title="bbox 154 3710 1315 3800; baseline -0.007 -18"><span class='ocrx_word' id='word_1_276' title='bbox 154 3723 338 3800; x_wconf 75' lang='lat' dir='ltr'><strong>Quamquam</strong></span> <span class='ocrx_word' id='word_1_277' title='bbox 353 3717 397 3781; x_wconf 83' lang='lat' dir='ltr'><strong>uel</strong></span> <span class='ocrx_word' id='word_1_278' title='bbox 411 3717 455 3781; x_wconf 86' lang='lat' dir='ltr'><strong>sic</strong></span> <span class='ocrx_word' id='word_1_279' title='bbox 468 3726 598 3800; x_wconf 80' lang='lat' dir='ltr'><strong>npqiaret,</strong></span> <span class='ocrx_word' id='word_1_280' title='bbox 612 3725 752 3798; x_wconf 89' lang='lat' dir='ltr'><strong>quantum</strong></span> <span class='ocrx_word' id='word_1_281' title='bbox 768 3733 868 3777; x_wconf 88' lang='lat' dir='ltr'><strong>earum</strong></span> <span class='ocrx_word' id='word_1_282' title='bbox 881 3732 991 3777; x_wconf 91' lang='lat' dir='ltr'><strong>numen</strong></span> <span class='ocrx_word' id='word_1_283' title='bbox 1001 3712 1079 3793; x_wconf 79' lang='lat' dir='ltr'><strong>apud</strong></span> <span class='ocrx_word' id='word_1_284' title='bbox 1092 3710 1233 3794; x_wconf 79' lang='lat' dir='ltr'><strong>populum</strong></span> <span class='ocrx_word' id='word_1_285' title='bbox 1247 3711 1315 3792; x_wconf 81' lang='lat' dir='ltr'><strong>pul·</strong></span> 
     </span>
     <span class='ocr_line' id='line_1_35' title="bbox 155 3813 1318 3903; baseline -0.006 -18"><span class='ocrx_word' id='word_1_286' title='bbox 155 3821 331 3886; x_wconf 87' lang='lat' dir='ltr'><strong>chritudinis</strong></span> <span class='ocrx_word' id='word_1_287' title='bbox 350 3830 380 3885; x_wconf 87' lang='lat' dir='ltr'><strong>et</strong></span> <span class='ocrx_word' id='word_1_288' title='bbox 399 3820 557 3903; x_wconf 89' lang='lat' dir='ltr'><strong>elegantiae</strong></span> <span class='ocrx_word' id='word_1_289' title='bbox 575 3819 606 3883; x_wconf 93' lang='lat' dir='ltr'><strong>in</strong></span> <span class='ocrx_word' id='word_1_290' title='bbox 621 3818 704 3883; x_wconf 88' lang='lat' dir='ltr'><strong>omni</strong></span> <span class='ocrx_word' id='word_1_291' title='bbox 718 3817 775 3881; x_wconf 69' lang='lat' dir='ltr'><strong>r&#39;ea</strong></span> <span class='ocrx_word' id='word_1_292' title='bbox 789 3816 1042 3881; x_wconf 83' lang='lat' dir='ltr'><strong>studiosissimum</strong></span> <span class='ocrx_word' id='word_1_293' title='bbox 1058 3814 1159 3878; x_wconf 87' lang='lat' dir='ltr'><strong>haberi</strong></span> <span class='ocrx_word' id='word_1_294' title='bbox 1173 3813 1318 3878; x_wconf 88' lang='lat' dir='ltr'><strong>debuerit.</strong></span> 
     </span>
    </p>
   </div>
   <div class='ocr_carea' id='block_1_5' title="bbox 157 4086 1319 4427">
    <p class='ocr_par' dir='ltr' id='par_1_12' title="bbox 224 4086 1173 4166">
     <span class='ocr_line' id='line_1_36' title="bbox 224 4086 1173 4166; baseline -0.013 -13"><span class='ocrx_word' id='word_1_295' title='bbox 224 4100 271 4166; x_wconf 70' lang='lat' dir='ltr'><strong>hi)</strong></span> <span class='ocrx_word' id='word_1_296' title='bbox 289 4097 396 4151; x_wconf 77' lang='lat' dir='ltr'><strong>Pauus.</strong></span> <span class='ocrx_word' id='word_1_297' title='bbox 408 4093 455 4162; x_wconf 85' lang='grc' dir='ltr'><strong>ΙΧ,</strong></span> <span class='ocrx_word' id='word_1_298' title='bbox 468 4094 510 4160; x_wconf 83' lang='grc'><strong>35,</strong></span> <span class='ocrx_word' id='word_1_299' title='bbox 525 4093 546 4145; x_wconf 92' lang='lat' dir='ltr'><strong>l.</strong></span> <span class='ocrx_word' id='word_1_300' title='bbox 571 4090 662 4144; x_wconf 81' lang='lat' dir='ltr'><strong>Pollux</strong></span> <span class='ocrx_word' id='word_1_301' title='bbox 674 4087 739 4153; x_wconf 79' lang='lat' dir='ltr'><strong>vlit,</strong></span> <span class='ocrx_word' id='word_1_302' title='bbox 752 4087 808 4140; x_wconf 81' lang='lat' dir='ltr'><strong>tut.</strong></span> <span class='ocrx_word' id='word_1_303' title='bbox 832 4087 903 4140; x_wconf 80' lang='lat' dir='ltr'><strong>snb.</strong></span> <span class='ocrx_word' id='word_1_304' title='bbox 916 4105 992 4142; x_wconf 81' lang='lat' dir='ltr'><strong>serm.</strong></span> <span class='ocrx_word' id='word_1_305' title='bbox 1005 4086 1063 4142; x_wconf 80' lang='lat' dir='ltr'><strong>xtt</strong></span> <span class='ocrx_word' id='word_1_306' title='bbox 1076 4106 1101 4141; x_wconf 87' lang='lat' dir='ltr'><strong>n.</strong></span> <span class='ocrx_word' id='word_1_307' title='bbox 1116 4089 1173 4141; x_wconf 77' lang='grc' dir='ltr'>ΙΙΙ.</span> 
     </span>
    </p>

    <p class='ocr_par' dir='ltr' id='par_1_13' title="bbox 157 4172 1319 4427">
     <span class='ocr_line' id='line_1_37' title="bbox 224 4172 1318 4252; baseline -0.011 -14"><span class='ocrx_word' id='word_1_308' title='bbox 224 4184 271 4252; x_wconf 77' lang='grc'><strong>58)</strong></span> <span class='ocrx_word' id='word_1_309' title='bbox 290 4185 347 4238; x_wconf 80' lang='lat' dir='ltr'><strong>vit.</strong></span> <span class='ocrx_word' id='word_1_310' title='bbox 360 4181 467 4235; x_wconf 77' lang='lat' dir='ltr'><strong>boschis.</strong></span> <span class='ocrx_word' id='word_1_311' title='bbox 480 4195 568 4231; x_wconf 78' lang='lat' dir='ltr'><strong>necem</strong></span> <span class='ocrx_word' id='word_1_312' title='bbox 582 4177 650 4246; x_wconf 74' lang='lat' dir='ltr'><strong>poet.</strong></span> <span class='ocrx_word' id='word_1_313' title='bbox 662 4176 721 4227; x_wconf 79' lang='lat' dir='ltr'><strong>hu.</strong></span> <span class='ocrx_word' id='word_1_314' title='bbox 734 4173 755 4227; x_wconf 93' lang='grc' dir='ltr'><strong>ΙΙ</strong></span> <span class='ocrx_word' id='word_1_315' title='bbox 768 4191 791 4242; x_wconf 76' lang='lat' dir='ltr'><strong>n.</strong></span> <span class='ocrx_word' id='word_1_316' title='bbox 800 4174 859 4227; x_wconf 71' lang='lat' dir='ltr'><strong>att.</strong></span> <span class='ocrx_word' id='word_1_317' title='bbox 883 4176 967 4242; x_wconf 84' lang='lat' dir='ltr'><strong>llergl.</strong></span> <span class='ocrx_word' id='word_1_318' title='bbox 978 4176 1010 4227; x_wconf 84' lang='lat' dir='ltr'><strong>ml</strong></span> <span class='ocrx_word' id='word_1_319' title='bbox 1023 4175 1135 4244; x_wconf 75' lang='lat' dir='ltr'><strong>dldqdrr.</strong></span> <span class='ocrx_word' id='word_1_320' title='bbox 1148 4173 1194 4239; x_wconf 86' lang='grc' dir='ltr'>ΙΙΙ,</span> <span class='ocrx_word' id='word_1_321' title='bbox 1208 4174 1231 4227; x_wconf 90' lang='lat'><strong>1.</strong></span> <span class='ocrx_word' id='word_1_322' title='bbox 1253 4172 1318 4227; x_wconf 69' lang='lat' dir='ltr'><strong>ttet-</strong></span> 
     </span>
     <span class='ocr_line' id='line_1_38' title="bbox 157 4259 1319 4338; baseline -0.012 -14"><span class='ocrx_word' id='word_1_323' title='bbox 157 4271 214 4324; x_wconf 87' lang='lat' dir='ltr'><strong>nelr.</strong></span> <span class='ocrx_word' id='word_1_324' title='bbox 232 4272 265 4323; x_wconf 81' lang='lat' dir='ltr'><strong>ml</strong></span> <span class='ocrx_word' id='word_1_325' title='bbox 282 4271 392 4338; x_wconf 71' lang='lat' dir='ltr'><strong>Euphor.</strong></span> <span class='ocrx_word' id='word_1_326' title='bbox 404 4286 428 4338; x_wconf 76' lang='lat' dir='ltr'><strong>l&#39;·</strong></span> <span class='ocrx_word' id='word_1_327' title='bbox 441 4266 497 4320; x_wconf 73' lang='lat'><strong>1³5.</strong></span> <span class='ocrx_word' id='word_1_328' title='bbox 525 4264 625 4318; x_wconf 82' lang='lat' dir='ltr'><strong>hliiller.</strong></span> <span class='ocrx_word' id='word_1_329' title='bbox 639 4263 755 4314; x_wconf 80' lang='lat' dir='ltr'><strong>0rehcm.</strong></span> <span class='ocrx_word' id='word_1_330' title='bbox 767 4277 791 4329; x_wconf 76' lang='lat' dir='ltr'><strong>l&#39;·</strong></span> <span class='ocrx_word' id='word_1_331' title='bbox 803 4260 850 4312; x_wconf 82' lang='grc' dir='ltr'><strong>ΙΙΙ</strong></span> <span class='ocrx_word' id='word_1_332' title='bbox 863 4277 918 4330; x_wconf 82' lang='lat' dir='ltr'><strong>sqq.</strong></span> <span class='ocrx_word' id='word_1_333' title='bbox 947 4260 1041 4314; x_wconf 79' lang='lat' dir='ltr'><strong>lloeck.</strong></span> <span class='ocrx_word' id='word_1_334' title='bbox 1055 4259 1134 4314; x_wconf 77' lang='lat' dir='ltr'><strong>lirete</strong></span> <span class='ocrx_word' id='word_1_335' title='bbox 1146 4259 1168 4313; x_wconf 92' lang='grc' dir='ltr'><strong>ΙΙ</strong></span> <span class='ocrx_word' id='word_1_336' title='bbox 1180 4277 1203 4328; x_wconf 75' lang='lat' dir='ltr'><strong>p.</strong></span> <span class='ocrx_word' id='word_1_337' title='bbox 1214 4260 1257 4311; x_wconf 77' lang='lat'><strong>85.</strong></span> <span class='ocrx_word' id='word_1_338' title='bbox 1281 4259 1319 4311; x_wconf 79' lang='lat' dir='ltr'><strong>lie</strong></span> 
     </span>
     <span class='ocr_line' id='line_1_39' title="bbox 157 4346 1207 4427; baseline -0.011 -17"><span class='ocrx_word' id='word_1_339' title='bbox 157 4358 261 4427; x_wconf 75' lang='lat' dir='ltr'><strong>physico</strong></span> <span class='ocrx_word' id='word_1_340' title='bbox 274 4354 419 4409; x_wconf 71' lang='lat' dir='ltr'><strong>Gratiarum</strong></span> <span class='ocrx_word' id='word_1_341' title='bbox 431 4351 530 4405; x_wconf 79' lang='grc' dir='ltr'>ιιιιιίιιο</span> <span class='ocrx_word' id='word_1_342' title='bbox 541 4347 575 4403; x_wconf 81' lang='lat' dir='ltr'><strong>el.</strong></span> <span class='ocrx_word' id='word_1_343' title='bbox 586 4347 718 4403; x_wconf 72' lang='lat' dir='ltr'><strong>bleleler.</strong></span> <span class='ocrx_word' id='word_1_344' title='bbox 729 4346 761 4397; x_wconf 80' lang='lat' dir='ltr'><strong>ml</strong></span> <span class='ocrx_word' id='word_1_345' title='bbox 773 4346 920 4400; x_wconf 70' lang='lat' dir='ltr'><strong>Sebueuek.</strong></span> <span class='ocrx_word' id='word_1_346' title='bbox 931 4347 1040 4402; x_wconf 73' lang='lat' dir='ltr'><strong>Audeat.</strong></span> <span class='ocrx_word' id='word_1_347' title='bbox 1052 4356 1102 4401; x_wconf 87' lang='lat' dir='ltr'><strong>ete.</strong></span> <span class='ocrx_word' id='word_1_348' title='bbox 1113 4365 1138 4416; x_wconf 75' lang='grc' dir='ltr'><strong>ρ.</strong></span> <span class='ocrx_word' id='word_1_349' title='bbox 1146 4346 1207 4399; x_wconf 75' lang='lat' dir='ltr'><strong>tet.</strong></span> 
     </span>
    </p>
   </div>
   <div class='ocr_carea' id='block_1_6' title="bbox 200 4437 1224 4506">
    <p class='ocr_par' dir='ltr' id='par_1_14' title="bbox 200 4437 1224 4506">
     <span class='ocr_line' id='line_1_40' title="bbox 200 4437 1224 4506; baseline -0.009 -1"><span class='ocrx_word' id='word_1_350' title='bbox 200 4443 235 4506; x_wconf 93' lang='grc' dir='ltr'><strong>ΙΙ.</strong></span> <span class='ocrx_word' id='word_1_351' title='bbox 1077 4437 1111 4497; x_wconf 93' lang='lat' dir='ltr'><strong>ll</strong></span> <span class='ocrx_word' id='word_1_352' title='bbox 1222 4438 1224 4443; x_wconf 84' lang='lat'>&#39;</span> 
     </span>
    </p>
   </div>
   <div class='ocr_carea' id='block_1_7' title="bbox 0 0 1509 4808">
    <p class='ocr_par' dir='ltr' id='par_1_15' title="bbox 0 0 1509 4808">
     <span class='ocr_line' id='line_1_41' title="bbox 0 0 1509 4808; baseline 0 0"><span class='ocrx_word' id='word_1_353' title='bbox 0 0 1509 4808; x_wconf 95' lang='lat' dir='ltr'><strong> </strong></span> 
     </span>
    </p>
   </div>
  </div>
 </body>
</html>
