2962 4808
658 461 860 560 All...

181 671 241 716 non
257 660 368 713 certum
384 667 468 713 verne
482 649 704 730 significationis
719 651 933 725 testimonium,
948 662 1084 735 recteque
1098 654 1228 717 lecerunt
1239 666 1341 715 recen-

181 757 283 823 tiores,
303 751 382 832 quod
403 751 432 812 in
449 752 506 813 lroc
520 771 580 814 non
596 753 816 832 acquieverunt,
836 754 952 816 etiamsi
967 754 1088 816 meliora
1104 755 1159 836 ipsi
1175 764 1204 816 et
1218 752 1341 816 certiora

179 856 281 916 atlerre
297 870 358 914 non
370 860 537 932 potuerunt.
564 853 725 916 llernranni
737 865 815 918 certe
827 855 1029 928 'londonen
1044 855 1111 920 inde
1122 857 1231 919 scilicet
1241 854 1341 936 appel-

180 955 241 1027 lati,
256 953 335 1035 quod
350 954 428 1016 ultro
444 953 575 1037 citroque
591 956 739 1020 tondendo
756 977 876 1021 omnem
892 977 992 1021 rerum
1010 969 1142 1022 naturam
1158 968 1341 1040 pertentare-

180 1059 251 1131 rint,
270 1057 381 1139 plaeere
396 1055 483 1118 nolris
499 1068 655 1139 nequeunt
686 1060 754 1134 ltlii,
769 1060 900 1122 ltiodoro
915 1068 1054 1123 auctare*
1064 1065 1109 1137 ²),
1124 1061 1243 1124 Titanes
1258 1080 1275 1122 a
1290 1059 1342 1122 'ri-

180 1171 242 1222 taes
261 1159 356 1220 dictos
371 1159 506 1233 crodunt,
525 1159 656 1223 Titaeam
672 1173 769 1225 antem
785 1173 909 1236 terram,
930 1163 1037 1225 almam
1053 1181 1152 1225 rerum
1168 1171 1306 1237 matrem,
1326 1183 1343 1225 n

181 1261 271 1323 rerlso
292 1252 385 1337 deleo,
412 1261 490 1324 nude
509 1253 610 1349 τίτθη
631 1283 750 1346 quoquc
769 1275 798 1328 ct
813 1257 904 1350 τήθη
926 1273 955 1327 et
974 1258 1083 1349 τηθύς
1102 1266 1342 1340 alcrirantur⁴³l2

180 1365 287 1446 rprrilrus
306 1384 361 1444 ego
381 1365 553 1441 assentirer,
572 1367 598 1430 si
618 1367 655 1429 de
676 1368 733 1431 isto
750 1377 841 1431 terrae
857 1366 979 1430 nornine
992 1366 1065 1430 satis
1080 1377 1242 1443 constaret,
1262 1368 1343 1449 quod

183 1467 253 1531 rnilri
268 1467 384 1550 quidem
401 1471 502 1532 lictum
517 1489 533 1531 a
549 1471 698 1534 nonnullis
713 1472 827 1535 ridetur
842 1473 920 1535 lranc
933 1474 1030 1553 ipsum
1046 1470 1085 1534 olr
1101 1489 1230 1545 causam,
1246 1480 1278 1534 ut
1293 1470 1344 1534 Ti·

183 1586 282 1636 tanum
298 1589 407 1635 namen
423 1571 492 1635 inde
503 1573 692 1656 explicarent.
715 1575 767 1638 arti
784 1575 917 1657 «leuique,
933 1595 1024 1658 quum
1037 1574 1202 1658 llespclrius
1212 1567 1346 1660 corrippo

182 1675 389 1756 interpretetur
401 1669 571 1757 βασιλίδα,
594 1670 714 1741 circeo
730 1690 827 1742 autem
844 1670 984 1761 ἔντιμον,
1008 1672 1179 1764 disrumpo,
1194 1671 1344 1759 βασιλέα,

125 1792 162 1844 29
185 1781 242 1843 lsuo
260 1779 346 1841 etiam
363 1777 502 1840 'litonum
517 1799 626 1842 nomen
642 1781 789 1861 portinere
805 1790 942 1845 censent*
953 1787 999 1859 ⁴),
1019 1792 1052 1844 ut
1066 1781 1209 1863 significet
1224 1780 1346 1862 proprie

182 1885 397 1955 honoratos,
412 1881 538 1964 ideoque
553 1882 712 1966 principes,
727 1903 820 1965 reges,
837 1885 954 1967 sintque
969 1885 1007 1948 ita
1021 1886 1176 1967 aliquando
1192 1884 1232 1946 dii
1243 1882 1344 1965 appel-

182 1985 245 2060 lati,
264 1983 375 2065 pariter
393 1993 426 2047 ut
446 1973 584 2062 docerer
605 2006 699 2068 saepe
715 1988 907 2069 appellantur.
942 1988 1007 2050 lion
1028 1987 1253 2069 improbabilem
1273 1985 1345 2048 milri

183 2090 257 2151 trano
277 2089 453 2151 sententiam
473 2088 563 2150 rideri
579 2091 685 2153 lateor:
705 2110 805 2154 reram
818 2101 968 2173 praestaro
983 2093 1117 2153 nondum
1132 2090 1236 2153 ausim.
1266 2090 1345 2151 lute-

183 2191 238 2253 rim
260 2192 317 2254 lroc
336 2193 495 2254 tenendum
516 2191 657 2265 arbitror,
678 2194 769 2256 luisse
783 2195 860 2255 hanc
873 2193 1022 2275 nunquam
1037 2193 1161 2255 eteorum
1175 2190 1347 2273 appellatio-

184 2312 267 2369 nem,
284 2294 479 2376 unitatemque
499 2291 626 2358 tortasse
644 2297 723 2378 apud
744 2305 840 2359 certos
860 2298 1005 2376 mrosdam
1026 2296 1168 2376 popidos,
1188 2293 1237 2374 qui
1251 2311 1345 2355 unum

184 2408 271 2479 atque
291 2398 414 2461 alterum
432 2397 549 2460 illorum
565 2397 736 2474 numinum,
755 2417 829 2480 quae
845 2397 1083 2480 percensuimus,
1102 2405 1219 2479 praeter
1233 2405 1346 2458 ceteros

183 2501 324 2574 colerent,
344 2499 412 2562 irino
431 2508 527 2562 autem
549 2520 566 2562 a
586 2500 682 2581 poetis
702 2499 732 2561 iu
753 2519 842 2562 onmc
862 2500 921 2562 lroc
940 2518 1033 2579 genus
1054 2499 1178 2561 deonrm
1199 2501 1346 2579 ‹mortom-

187 2603 276 2665 modo
293 2603 497 2667 obsoletorum
513 2612 543 2666 et
557 2603 762 2685 Olympiorum
777 2601 936 2684 splendore
951 2601 1178 2663 olrscuratorum
1195 2599 1346 2663 transferri

185 2718 329 2787 coeptum.
361 2709 459 2781 Quum
480 2715 579 2768 autom
594 2705 783 2767 invalesceret
797 2705 871 2766 hacc
885 2702 1032 2784 pandatirn
1049 2702 1166 2782 opinio,
1188 2711 1220 2764 ut
1239 2702 1348 2783 lupiter

185 2807 306 2888 eiusque
321 2807 430 2872 tamilla
444 2807 585 2881 iuniores,
601 2805 641 2870 illi
657 2815 754 2869 autem
771 2805 899 2867 maiores
915 2812 986 2866 natu
1002 2804 1199 2878 crederentur,
1213 2821 1275 2867 non
1290 2803 1347 2866 mi·

186 2929 251 2973 rum
270 2920 330 2985 est,
349 2911 418 2974 illud
439 2910 526 2974 etiarn
545 2908 722 2981 accessisse,
743 2917 776 2971 ut
796 2928 812 2969 a
828 2907 897 2968 love
915 2904 1032 2986 spoliati
1052 2904 1175 2986 imperio
1196 2914 1224 2967 et
1244 2904 1347 2967 deiecti

186 3013 360 3078 viderentur.
388 3013 464 3076 llinc
482 3012 571 3094 igitur
591 3013 627 3074 de
642 3011 780 3074 Titanum
801 3028 869 3073 cum
889 3008 944 3071 diis
964 3005 1121 3071 certamine
1140 3006 1253 3070 labulse
1268 3016 1349 3070 ortae

188 3126 265 3190 sunt,
281 3136 354 3198 quas
370 3116 420 3198 qui
436 3114 572 3178 subtilius
588 3123 618 3177 et
628 3114 741 3177 ratione
753 3112 887 3194 quadarn,
902 3130 990 3193 quam
1003 3109 1240 3192 plrdosophicarn
1252 3109 1349 3172 elicere
1452 3128 1456 3136 ·

188 3220 294 3294 licebit,
320 3219 449 3283 adlsilrita
470 3218 647 3290 trartalmut,
674 3217 704 3281 hi
725 3218 783 3280 lroc
803 3234 949 3278 novorum
969 3214 1095 3276 deorum
1115 3232 1182 3276 cnm
1202 3212 1370 3275 veteribus

189 3331 335 3386 certamnen
357 3323 395 3386 ita
410 3322 593 3406 interpretati
608 3332 692 3393 sunt.
711 3331 744 3384 ut
759 3319 831 3383 duas
846 3328 955 3382 aetates
970 3315 1072 3381 rrrnndi
1088 3334 1142 3397 per
1157 3316 1265 3397 gradus
1282 3332 1349 3395 per-

189 3424 255 3488 lecti
274 3435 302 3488 et
320 3427 464 3500 adhunc,
483 3427 533 3508 qui
549 3444 629 3489 nnnc
643 3435 702 3499 est,
722 3433 831 3486 statam
847 3421 980 3505 perducti
995 3427 1170 3493 statuerent,
1191 3416 1351 3497 rramdique

190 3527 321 3592 nondum
339 3531 458 3610 perlecti
472 3541 501 3593 et
515 3529 551 3592 ad
566 3537 679 3591 certum
694 3525 830 3590 ordinem
846 3526 921 3589 bene
936 3522 1094 3606 compositi
1108 3521 1196 3584 etiam
1211 3518 1351 3583 dominos

202 3705 286 3713 ι...

261 3785 302 3848 tl)
315 3784 356 3851 ΙΙΙ,
368 3785 410 3837 53.
422 3784 454 3853 V,
465 3785 506 3835 oo.

260 3869 301 3933 43)
314 3866 394 3939 llepo.
405 3871 445 3921 ad.
459 3871 542 3936 tiseos.
555 3886 580 3922 r.
589 3870 639 3922 238
651 3887 675 3939 p.
688 3869 735 3922 llS
747 3872 787 3922 ed.
800 3867 880 3920 Woll.
892 3895 927 3907 -
939 3867 1038 3920 Weisk.
1052 3862 1231 3933 prompsit
1244 3880 1281 3932 sq.

261 3954 303 4017 ll)
316 3953 403 4007 licum
412 3955 492 4024 styra.
505 3973 528 4023 p.
541 3954 580 4008 17.
599 3956 632 4008 el.
643 3958 766 4021 Bttttiper.
777 3953 1013 4023 linastmptlrolcgie
1023 3952 1042 4004 ll
1054 3969 1079 4020 p.
1085 3951 1117 4003 43
1128 3968 1164 4018 sq.
1187 3949 1355 4002 l’raeiverunt

195 4040 243 4091 isus
254 4048 363 4106 ueteres,
376 4043 447 4094 relat
458 4043 537 4095 schol.
550 4043 578 4094 ll.
591 4042 661 4107 xtt',
673 4043 735 4094 274:
763 4035 851 4094 Τιτάν
863 4034 941 4111 παρὰ
955 4033 986 4090 τὸ
998 4033 1081 4095 meir.
1104 4037 1178 4105 Apud
1191 4035 1353 4103 Aeschylum,
1457 4057 1459 4061 ¹

193 4126 301 4192 tltoepts.
311 4141 338 4177 r.
350 4125 401 4176 atu
414 4126 477 4190 (333
490 4127 581 4193 tl'ell.)
596 4130 691 4197 reecpit
703 4127 854 4181 lilnuseoius
866 4127 1007 4192 elegantem
1021 4123 1154 4177 llcrrnsnoi
1173 4122 1354 4174 coniecturam:

193 4210 272 4264 etrier
289 4208 318 4263 dl
336 4206 370 4262 eri
379 4214 509 4280 χθονίων
521 4208 655 4280 creperi,
672 4215 801 4281 probatem
813 4213 890 4265 etiam
903 4212 1083 4276 daumero:
1100 4208 1284 4261 recuruum
1301 4222 1354 4258 me·

193 4303 268 4360 trous,
279 4313 353 4365 quun
366 4298 438 4350 huius
447 4298 561 4351 vocabuli
574 4299 675 4367 primaru
688 4300 810 4369 sp'llsltern
824 4298 923 4364 longera
935 4313 994 4350 esse
1006 4295 1156 4366 oportuerit,
1168 4309 1259 4346 versus
1270 4298 1355 4345 roten

193 4383 337 4450 stroplieus
348 4382 400 4435 tce
412 4382 490 4449 (oro)
503 4383 605 4438 trecen
617 4392 718 4454 poseat,
735 4393 762 4439 et
774 4384 916 4454 repudiavit
931 4383 1100 4437 walecurtis
1117 4387 1206 4450 postes
1223 4379 1277 4449 ipse
1289 4379 1356 4432 tter·
1377 4444 1380 4450 .

192 4484 306 4523 nunu.
