2962 4808
808 375 828 438 2

716 461 918 474 --ι---ι--οο-

235 565 291 627 bus
306 564 343 627 ael
360 561 545 642 theogeniam
562 562 779 642 pertinentibus
795 565 966 646 opinionem
982 585 1019 631 ne
1034 580 1105 651 post
1115 570 1180 634 illos
1192 573 1312 654 quidem
1324 575 1401 638 duos

235 676 336 748 poetas
357 666 450 727 luisse
470 665 618 728 latendum
639 675 692 727 est.
720 665 794 728 Naar
810 668 888 731 nulla
903 687 1036 751 unquam
1048 672 1085 735 de
1096 673 1153 736 diis
1166 675 1313 758 rebusque
1325 678 1401 741 divi·

235 770 282 831 nis
302 768 418 831 traditio
440 787 496 832 nrm
511 768 590 849 apud
608 786 712 830 omncs
728 769 858 841 Graecos
873 773 946 834 adeo
962 774 1101 849 obtinuit,
1122 786 1153 838 nt
1168 796 1228 839 tion
1244 777 1281 841 de
1295 780 1399 843 iisdem

233 873 289 934 diis
309 871 492 953 deorumque
511 870 678 933 actionibus
698 871 752 935 alia
769 874 848 953 apud
863 873 952 945 alios,
973 876 1122 958 multaque
1138 898 1263 959 quorsus
1279 883 1356 947 inter
1368 904 1401 947 sc

234 975 391 1056 pugnantia
408 976 561 1048 terreretur,
577 983 736 1055 errantque
751 973 983 1055 imperitissime,
999 975 1025 1038 si
1041 977 1091 1059 qui
1107 979 1145 1041 ita
1167 980 1204 1043 de
1220 983 1399 1049 Graecorum

232 1076 425 1157 religionibus
446 1078 622 1159 loquuntur,
642 1075 727 1158 quasi
747 1077 856 1158 aliquid
878 1078 1059 1161 dogmaticae
1079 1081 1230 1146 doctrinae
1250 1088 1329 1167 aliud
1347 1108 1400 1152 eos

233 1181 319 1244 luerit
334 1190 364 1243 ot
383 1190 522 1262 tanquam
543 1188 730 1243 sacrosancta
750 1181 894 1261 quaedam
916 1182 1075 1263 theologia,
1103 1186 1280 1250 sacerdotali
1301 1191 1400 1254 studio

232 1283 378 1347 custodibi
398 1283 570 1365 populoque
590 1283 747 1357 inculcata,
768 1304 785 1346 a
804 1303 863 1366 qua
878 1285 1037 1349 dissentire
1052 1289 1133 1350 nelas
1148 1298 1235 1351 esset
1281 1291 1400 1356 Talibus

231 1387 309 1449 enim
334 1384 457 1449 uinculis
483 1387 664 1449 Graecorum
693 1385 794 1467 religio
820 1406 972 1471 nunquam
998 1409 1031 1452 se
1057 1391 1219 1473 constringi
1240 1412 1326 1473 passa
1345 1406 1399 1473 est,

195 1504 212 1556 t
232 1488 412 1571 iiiiniineque
430 1489 565 1553 oninium
585 1499 690 1572 poetae
710 1498 761 1553 aut
781 1492 986 1573 manciparunt
1002 1502 1094 1556 artem
1110 1512 1195 1557 suam
1211 1498 1400 1562 sacerdotnm

234 1593 409 1667 auctoritati,
424 1604 474 1658 aut
489 1595 546 1677 ipsi
562 1595 639 1678 apud
653 1595 796 1677 populum
813 1584 987 1659 auctoritate
1002 1596 1097 1677 aliqua
1112 1596 1226 1660 maiore
1242 1599 1399 1679 pollebant,

232 1719 320 1782 quam
340 1719 416 1782 quae
434 1698 575 1762 seueritate
595 1698 759 1762 earrriinum
781 1699 911 1782 artisque
931 1699 1110 1781 praestantia
1130 1700 1166 1763 iis
1187 1702 1399 1781 conciliaretur,

233 1823 382 1886 quumque
402 1803 551 1867 llusainm
576 1822 609 1865 se
629 1801 770 1865 instinctu
790 1819 894 1866 canere
913 1802 1121 1883 gloriarentur,
1145 1822 1206 1867 uon
1228 1804 1400 1886 ignorabant

232 1907 343 1972 scilicet
357 1908 517 1982 auditores,
535 1906 564 1970 id
580 1905 660 1988 quod
676 1906 758 1988 ipsas
774 1906 843 1969 deas
859 1906 937 1987 apud
953 1904 1114 1969 llesiodum
1130 1910 1303 1989 prolitentes
1319 1911 1400 1974 ride·

233 2031 312 2085 rrius,
327 2031 419 2094 posse
435 2010 553 2092 quidem
569 2007 692 2073 ablusis
704 2027 781 2082 scra,
797 2027 889 2090 posse
904 2017 1001 2072 autem
1016 2009 1102 2072 etiam
1118 2011 1189 2073 laisa
1205 2020 1233 2074 ct
1248 2014 1400 2077 mendacia

232 2115 307 2178 tardi
323 2115 399 2179 seris
419 2114 497 2178 band
512 2112 669 2176 absimilia:
679 2117 709 2190 ²)
725 2111 795 2194 quid
811 2121 906 2175 autem
924 2112 953 2175 in
970 2121 1123 2195 poetamm
1139 2115 1273 2177 cantibus
1288 2134 1400 2193 veroni,

232 2220 302 2301 quid
321 2220 426 2284 falsum
447 2217 615 2282 babendum
637 2225 729 2289 esset,
749 2216 875 2279 liberum
896 2224 958 2279 erat
976 2234 1068 2297 pones
1085 2215 1233 2280 auditores
1250 2218 1398 2283 iudicium.

232 2325 289 2386 Sed
317 2324 494 2406 procedente
519 2332 665 2404 tempore,
694 2338 870 2402 triagnomm
894 2320 1006 2403 aliquot
1030 2328 1185 2402 poetamm
1211 2321 1401 2399 carniinibus,

231 2447 305 2510 quae
327 2418 393 2511 ἔργ’
417 2418 603 2509 dedecima
628 2419 720 2490 θεῶν
740 2445 777 2488 τε
795 2425 964 2500 cantabant,
989 2443 1044 2506 per
1069 2431 1160 2486 totam
1180 2424 1331 2488 Graeciam
1354 2425 1400 2489 di·

232 2531 369 2609 sulgatis,
391 2531 453 2593 beri
468 2549 529 2592 non
545 2529 656 2611 potuit,
672 2528 744 2610 quin
761 2537 855 2592 certm
871 2529 1013 2610 quaedam
1031 2526 1144 2590 lalmlae
1159 2536 1275 2608 practer
1290 2539 1401 2593 ceteras

232 2635 389 2698 celebratae
412 2654 504 2716 equium
529 2633 622 2714 inagis
651 2632 759 2715 ubique
784 2632 1016 2704 innotescerent,
1047 2640 1109 2694 tum
1141 2630 1285 2694 maiorem
1313 2634 1401 2697 lnlem

232 2751 318 2824 atque
329 2739 531 2804 auctoritatem
548 2736 578 2801 in
593 2737 697 2817 rorigus
714 2735 968 2812 natriciseerentnr,
990 2734 1062 2799 olleo
1077 2745 1110 2798 ut
1126 2734 1156 2799 in
1172 2735 1295 2818 singulis
1310 2737 1401 2802 Grae-

232 2866 334 2913 onmrn
354 2844 472 2930 populis
493 2843 544 2927 qud
564 2853 666 2926 postea
687 2842 843 2906 extiterunt
862 2850 980 2924 qnietae,
1006 2839 1032 2904 si
1052 2859 1126 2924 quae
1144 2841 1221 2925 epm
1242 2842 1400 2925 populares

232 2972 304 3015 snos
319 2951 449 3016 ‹lii'ersae
465 2947 577 3012 laliulae
592 2950 745 3021 lerrentnr,
761 2948 814 3009 lias
826 2965 893 3010 cuin
907 2945 964 3008 illis
976 2942 1172 3008 nobilioribus
1184 2956 1325 3027 quantum
1339 2949 1400 3013 lieri

231 3065 344 3137 poterat
359 3055 572 3134 coniungerent
587 3053 680 3132 iisque
694 3051 879 3131 adaptarent,
900 3068 975 3129 qnae
990 3058 1088 3112 antem
1104 3058 1170 3130 apte
1186 3030 1326 3131 coniungi
1339 3070 1400 3115 non

232 3168 368 3239 possent,
389 3157 588 3238 relinquerent
603 3157 663 3217 lere
677 3153 808 3215 intactas.
839 3152 889 3215 Sic
904 3151 1010 3233 duplex
1026 3154 1135 3214 lactum
1149 3161 1195 3215 est
1208 3172 1300 3233 genus
1316 3154 1399 3217 labu-

232 3260 337 3335 lamm,
360 3259 481 3323 alterum
502 3276 616 3331 carnin,
636 3276 710 3338 quae
731 3253 854 3335 singulis
874 3253 993 3337 populis
1012 3253 1163 3337 propriae,
1189 3254 1266 3336 opud
1287 3265 1399 3321 ceteros

233 3360 347 3441 ignotae
366 3370 394 3423 et
414 3359 557 3421 obscurae
576 3366 691 3430 esseut,
711 3357 834 3420 alterum
856 3377 972 3431 earnm,
993 3376 1067 3439 quas
1087 3354 1230 3419 nobilium
1245 3368 1399 3439 poetarum

233 3463 411 3527 carminibus
426 3462 585 3524 celebratas
600 3459 700 3523 Graeci
716 3478 823 3523 onmes
839 3469 964 3522 nossent
979 3468 1007 3522 et
1027 3454 1281 3541 amplecterentur.
1324 3461 1401 3526 llinc

234 3566 402 3648 Olympicus
416 3565 463 3628 ille
478 3564 602 3626 deorum
618 3572 730 3637 coetus,
745 3563 814 3626 binc
829 3561 964 3642 coniugia
979 3581 1094 3636 eorum,
1111 3561 1312 3642 cognationes,
1327 3563 1399 3628 sub·

234 3668 311 3746 illes,
331 3669 398 3732 binc
417 3667 463 3731 sui
478 3667 621 3748 cuiusque
636 3686 750 3742 mores,
776 3669 887 3750 lomi-a,
913 3665 1028 3740 munia,
1048 3672 1253 3745 cognomenta,
1274 3666 1400 3749 denique

236 3780 295 3834 tota
311 3772 356 3835 illa
371 3771 485 3854 poetica
500 3770 706 3853 titgtbologica,
726 3771 839 3853 qualem
856 3780 1010 3835 servarunt
1025 3772 1085 3834 lero
1100 3769 1296 3853 posteriores:
1313 3780 1398 3853 atique

235 3873 373 3938 imotenus
396 3895 495 3939 renim
520 3884 580 3948 est,
605 3875 684 3956 quod
709 3874 878 3940 llerodotus
904 3876 940 3938 de
958 3874 1090 3939 llomero
1114 3883 1143 3938 et
1161 3872 1292 3937 llesiodo
1317 3875 1405 3952 dixit,

236 3977 325 4039 inodo
341 3997 396 4058 pro
412 3979 537 4052 duobus,
553 3997 628 4060 qnos
644 3979 689 4042 ille
703 3978 812 4060 posuit,
826 3978 1019 4042 nobilissimis
1035 3987 1130 4041 totum
1145 3978 1203 4040 boc
1217 3996 1309 4058 genus
1324 3998 1398 4061 poe·

234 4087 330 4142 tarum
355 4081 515 4163 cogitemus
535 4082 664 4146 llomero
685 4082 872 4165 llesiodoque
896 4081 1052 4155 similium,
1076 4080 1175 4162 quales
1199 4097 1260 4143 nou
1285 4100 1397 4164 paucos

240 4238 318 4249 ........

302 4319 327 4385 2)
346 4320 441 4388 Tiieog.
453 4338 478 4375 v.
490 4323 535 4374 le
554 4323 637 4395 ldpie
651 4322 757 4389 ψεύδεα
776 4321 866 4379 πολλὰ
878 4325 970 4396 λέγειν
982 4319 1129 4396 ἐτύμοισιν
1141 4319 1243 4394 ὁμοῖα,
1261 4322 1346 4397 ἴδμεν
1357 4318 1396 4392 d',

236 4396 288 4460 εὖτ’
302 4405 456 4479 ἐθέλωμεν,
475 4403 581 4475 ἀληθέα
591 4405 790 4481 μυθήσασθαι.
