2962 4808
619 366 821 465 ...n-

137 553 196 618 Sed
212 554 363 619 diversum
378 555 458 620 bunc
472 576 539 621 esse
554 557 591 621 sb
606 558 654 622 illo
665 559 769 623 mundi
782 569 910 623 creatore
921 558 1111 624 maniacam
1122 567 1177 621 est
1204 556 1304 620 Solem

138 659 187 723 illo
208 659 330 723 nomine
350 660 526 743 appellatum
545 681 612 725 esse
632 663 720 725 etiarn
741 664 770 726 bi
789 683 891 726 versus
906 663 1128 737 demonstrant,
1148 683 1164 725 a
1181 662 1306 724 Tbeone
1348 713 1352 719 .

71 822 80 832 .
139 765 303 848 Smyrnaeo
319 763 396 828 citati
412 765 442 827 iu
457 765 531 828 libro
547 765 583 828 de
595 765 727 830 Platonis
740 768 875 831 blatbem.
888 788 914 830 c.
927 767 982 829 d'l:
999 758 1084 830 ἔνιοί
1098 785 1204 853 φασιν
1218 754 1306 829 ὀκτώ

138 864 217 946 τοὺς
237 861 372 933 πάντων
393 865 592 953 κρατοῦντας
612 856 697 935 εἶναι
715 867 832 951 asota,
855 862 902 949 d,-
923 865 982 935 καὶ
1002 864 1038 934 ἐν
1051 872 1123 948 ταῖς
1135 862 1307 958 Ὀρφικοῖς

90 989 93 993 ·
138 968 230 1040 ἐστὶν
251 966 370 1060 εὑρεῖν·

247 1073 317 1143 Ναὶ
338 1073 404 1164 μὴν
425 1070 605 1143 ἀθανάτων
626 1073 818 1164 γεννήτορας
840 1069 912 1140 αἰὲν
933 1071 1061 1153 ἐόντας,

247 1177 313 1264 πῦρ
335 1176 394 1244 καὶ
414 1173 503 1266 ὕδωρ
526 1176 622 1265 γαῖάν
642 1202 679 1246 τε
700 1177 758 1245 καὶ
781 1173 919 1265 αι’·ρανὸν
940 1173 1000 1267 ἠδὲ
1022 1175 1171 1266 σελήνην,

248 1273 361 1370 ἠέλιόν
381 1305 419 1348 τε
441 1280 577 1371 <Beiram
598 1279 701 1367 μέγαν
721 1282 779 1347 καὶ
803 1278 903 1347 νύκτα
923 1279 1091 1365 aridumue.

141 1387 215 1451 Nam
235 1407 290 1470 nro
307 1387 378 1452 solis
394 1399 593 1471 cognomento
612 1384 749 1474 octobre
763 1400 795 1452 ut
809 1387 1003 1470 accipiamus,
1024 1388 1212 1468 graturnatica
1232 1387 1306 1450 ratio

142 1492 256 1575 poscit²
267 1495 305 1568 ¹),
321 1492 389 1556 licet
403 1492 467 1574 ipse
483 1492 565 1555 Tlaeo
582 1492 664 1557 aliter
678 1493 827 1575 accepisse
841 1493 981 1566 rideatur,
995 1512 1087 1573 (guum
1103 1501 1171 1554 octo
1188 1491 1307 1554 numina
1336 1500 1338 1504 '

142 1594 301 1658 memorari
318 1595 409 1670 dicata
431 1594 489 1657 uisi
505 1597 582 1658 torte
596 1614 690 1658 unum
705 1597 883 1660 versiculum
899 1616 966 1659 curn
983 1596 1075 1657 octari
1092 1615 1310 1658 coirrrnenmra·

143 1699 224 1761 tione
243 1697 387 1761 excidisse
408 1698 550 1760 ‹licamus
580 1699 691 1762 Eadem
711 1709 810 1762 autem
831 1701 867 1761 ale
887 1711 954 1763 odat
975 1699 1146 1763 numinibus
1167 1699 1310 1771 atacinus,

142 1801 210 1864 licet
234 1801 368 1865 nonnihil
392 1802 560 1876 immutata,
586 1812 630 1865 est
654 1803 742 1865 etiam
768 1802 798 1864 iu
822 1801 868 1865 bis
892 1803 1024 1865 versibus
1050 1804 1127 1884 aprrd
1149 1803 1309 1873 Eusebium

144 1905 249 1989 Praep.
265 1924 369 1986 euang.
385 1905 433 1980 ΙΙΙ,
445 1906 480 1968 9:

253 2004 319 2089 nio
342 2001 400 2070 καὶ
423 1999 512 2090 ὕδωρ
535 2003 592 2071 καὶ
616 2009 696 2090 γαῖα
718 2003 776 2071 καὶ
799 2001 906 2094 aldio
928 2003 986 2086 νύξ
1006 2031 1041 2072 τε
1063 2005 1120 2072 καὶ
1144 1999 1233 2096 ἦμαρ

252 2106 310 2174 καὶ
333 2106 452 2194 Μῆτις
472 2107 606 2192 πρῶτος
628 2104 762 2194 γενέτωρ
785 2107 842 2175 καὶ
855 2103 963 2195 ’Ἔρως
984 2108 1212 2199 nota-edom,

144 2213 330 2295 videturque,
345 2212 395 2294 qui
411 2213 439 2274 in
458 2212 659 2293 superioribus
675 2213 729 2275 illis
746 2205 869 2299 ἠέλιος,
886 2215 916 2276 in
931 2215 978 2276 bis
995 2201 1096 2298 ἦμαρ,
1120 2215 1169 2296 qm
1186 2209 1312 2303 duim-c,

146 2319 176 2383 in
196 2318 243 2381 bis
264 2313 381 2401 Μῆτις
406 2335 486 2378 esse:
515 2318 566 2379 sed
588 2336 625 2379 ne
645 2318 688 2380 sic
709 2318 829 2399 quidem
850 2319 926 2380 inter
944 2338 976 2379 se
998 2319 1201 2382 consentiunt:
1229 2321 1313 2383 deest

146 2423 224 2486 enim
241 2422 272 2485 in
287 2421 335 2484 lais
351 2412 500 2505 odoovdg,
516 2420 546 2483 in
561 2420 617 2482 illis
631 2430 728 2483 autem
740 2411 861 2506 Ἔρως,
883 2442 970 2503 quem
987 2421 1103 2502 qrddem
1121 2423 1198 2485 iuxta
1214 2425 1313 2495 bietin,

147 2537 285 2608 tanqmm
302 2524 400 2597 alium,
416 2523 565 2586 nominari
581 2523 707 2598 mireris,
720 2543 811 2605 quum
828 2525 857 2587 in
871 2516 1025 2605 tbeogonia
1040 2526 1166 2588 curulem
1181 2536 1210 2589 et
1224 2527 1311 2589 bletin

147 2638 177 2692 et
190 2632 331 2692 amorem
351 2636 380 2690 et
395 2627 556 2690 Pbanetem
576 2627 685 2690 dietum
707 2647 774 2689 esse
794 2636 918 2689 constet.
950 2627 1019 2690 Utut
1039 2638 1097 2697 est,
1116 2630 1173 2691 boc
1192 2631 1312 2710 qiridem

148 2741 280 2815 apertum
296 2740 342 2794 est
355 2740 492 2794 neutrum
508 2730 604 2793 locum
620 2749 654 2792 ex
670 2730 825 2811 tbeogouia
841 2752 924 2803 esse,
939 2733 991 2793 sed
1007 2751 1043 2794 ex
1058 2732 1122 2794 aliis
1136 2733 1313 2813 quilrusdam

149 2835 348 2919 Orpbicorum
368 2833 560 2907 carminibus,
580 2831 675 2913 qaaolia
695 2833 785 2895 multa
805 2835 875 2896 olim
896 2835 986 2897 luisse
1006 2834 1138 2897 doen-ina
1160 2837 1313 2918 baudana·

148 2958 238 3021 qrram
258 2956 316 3001 una
335 2947 364 3000 et
382 2937 598 3009 consentiente,
623 2955 711 2998 nemo
730 2935 854 3016 ignorat.
890 2937 931 2999 llo
950 2936 1126 3016 tbeogonico
1145 2948 1243 3000 autem
1264 2938 1313 2999 illo

149 3044 278 3106 Phanote
302 3060 365 3104 non
387 3039 567 3122 antiquiores
593 3047 682 3101 testes
703 3049 774 3102 sunt
792 3058 880 3121 quiam
901 3049 951 3101 aut
971 3039 1120 3103 cbristiani
1141 3041 1313 3124 scriptores,

89 3139 91 3142 ⁴
149 3147 350 3227 Athenagoras
368 3152 397 3206 et
410 3143 544 3206 Clemens
559 3151 682 3223 uterque
697 3142 726 3203 b.
738 3160 764 3202 e.
780 3140 992 3204 Alexandrinus
1007 3153 1036 3205 et
1050 3152 1226 3224 personatus
1242 3145 1316 3207 alter
1338 3159 1349 3210 t

149 3250 315 3322 Romanus,
329 3256 379 3311 aut
392 3245 534 3309 Platonici
550 3245 741 3317 recentiores,
755 3244 904 3318 llermias,
920 3245 1050 3319 Procius,
1066 3246 1237 3309 llamascius
1251 3248 1315 3311 alii-

150 3372 223 3433 que,
242 3328 293 3433 riui
314 3349 369 3413 soli
390 3349 426 3412 de
441 3349 505 3412 eius
525 3346 655 3430 cumpost
675 3348 819 3410 disertum
841 3347 1043 3411 testimoninm
1064 3349 1180 3412 dieunt:
1201 3362 1234 3412 ut
1254 3372 1315 3413 nou

151 3454 299 3518 immerito
314 3454 392 3516 banc
406 3459 498 3515 totam
513 3463 625 3534 'nartem
642 3450 819 3530 theogoniae
834 3451 1050 3532 antiquioribus
1071 3453 1202 3532 ignotnu
1222 3463 1251 3514 et
1267 3473 1317 3516 re-

150 3557 266 3621 centius
281 3558 401 3620 deorum
417 3575 432 3618 a
449 3553 607 3617 Platonicis
623 3553 762 3615 insertam
779 3552 957 3635 suspimris²
967 3557 1007 3629 ²),
1022 3553 1133 3616 seilicet
1147 3563 1180 3616 ut
1195 3573 1266 3618 suae
1280 3556 1318 3617 de

151 3662 265 3725 mundo
282 3658 450 3740 intelligibili
466 3667 535 3722 ante
545 3656 727 3719 materialem
740 3655 890 3718 doctrinae
902 3655 1120 3719 vetustissimus
1133 3667 1220 3738 nocta
1232 3657 1318 3739 quasi

372 3850 452 3859 on..-

220 3955 262 4018 tt)
280 3951 336 4007 Non
349 3953 452 4005 obstare
464 3950 685 4018 significationem,
698 3949 718 4001 si
731 3966 746 4000 a
759 3952 852 4020 φαίνω
865 3949 1013 4000 vocabulum
1025 3950 1177 4012 deducatur,
1192 3949 1215 4000 ia
1227 3959 1320 4017 aeserta

152 4049 205 4093 est:
219 4056 298 4108 neque
311 4039 408 4103 miram,
421 4041 485 4091 idem
498 4054 634 4105 cognomen
646 4045 673 4088 ct
682 4037 735 4088 Soli
747 4044 775 4088 et
788 4037 823 4088 illi
837 4051 921 4087 rerum
933 4035 1139 4102 adspectabiliuna
1152 4035 1232 4102 primo
1245 4052 1321 4087 erea-

153 4126 203 4178 tori
216 4125 316 4195 imponi.
339 4125 423 4177 Elian
441 4123 566 4178 Φαέθων
582 4124 680 4177 Pinnos
696 4123 792 4191 pariter
808 4137 863 4173 eun
882 4122 937 4173 solo
953 4121 1036 4173 dietas
1052 4128 1101 4172 est
1128 4120 1245 4174 uenae
1257 4121 1321 4172 lost.

152 4212 202 4264 dm
212 4209 269 4360 ¹32⁵)
282 4295 432 4365 suspicatur
442 4294 490 4346 boe
502 4293 577 4346 etiam
590 4292 788 4366 zoegaopuse.
798 4309 822 4361 ρ.
832 4293 953 4359 mago,
965 4293 1006 4359 qai
1020 4309 1084 4344 naas
1095 4299 1156 4344 nate
1168 4293 1321 4346 Lobeelimn

151 4396 207 4432 cura
219 4397 282 4434 sano
293 4398 324 4434 ae
335 4381 422 4434 sobrio
435 4380 527 4433 iudicio
538 4380 600 4431 llaec
611 4378 721 4446 Orphica
733 4386 858 4432 metam
870 4380 992 4432 dicendas
1003 4387 1053 4431 est.
