2962 4808
739 375 796 439 tta

668 462 728 472 -ι-
754 464 789 472 α.»-
812 463 870 473 —o-

188 567 367 631 tennioribus
387 564 551 630 editoribus
565 565 734 631 restitutum
749 573 795 629 ert
807 565 909 630 Prona.
924 584 951 629 r.
967 568 1036 631 150.
1067 567 1144 633 ilinc
1158 561 1260 633 θετόν
1274 589 1350 653 quo·

189 692 245 752 (prro
260 678 379 754 apparet
392 688 448 752 pro
462 689 498 732 eo
514 670 594 752 quod
609 680 654 733 est
668 665 814 751 θέσμιον
829 668 939 732 dictum
955 689 1021 733 csse
1035 680 1086 735 aut
1099 674 1233 755 potuisse
1247 675 1351 739 saltent

188 772 258 847 dici,
274 783 302 836 ct
319 766 419 837 Θέτιν
433 793 499 835 esse
515 773 598 853 quasi
616 765 777 854 Θεσμίαν,
792 772 877 835 deam
893 791 941 836 res
957 773 1180 856 disponentem,
1199 778 1352 860 legemque

188 876 224 938 iis
239 884 325 957 atque
340 875 474 939 ordinem
490 875 753 957 praescribentem:
774 894 848 959 quae
864 895 955 957 quum
971 895 987 939 a
1002 877 1131 940 Menelao
1146 890 1217 961 post
1232 881 1351 945 Troiam

188 998 320 1051 euersam
337 997 394 1040 una
409 997 476 1041 curn
489 970 687 1064 Πραξιδίκῃ,
702 978 796 1042 iustae
811 979 955 1042 uindictae
966 980 1029 1055 dea,
1046 983 1215 1046 consecrata
1226 1003 1294 1048 esse
1305 983 1351 1048 di·

187 1084 338 1156 catur⁹‘'l,
354 1080 466 1144 ridetur
480 1082 536 1143 bac
550 1099 713 1163 quoquere
729 1082 898 1146 coniunctio
914 1083 1067 1164 utriusque
1081 1084 1226 1160 numinis,
1240 1095 1270 1149 ct
1284 1105 1351 1149 mu·

187 1204 243 1248 atas
255 1184 388 1249 Thetidis
403 1185 439 1247 ad
455 1184 548 1266 legem
563 1184 763 1268 iustitiamque
778 1186 929 1268 pertinens
944 1185 1112 1266 significari.
1139 1187 1239 1250 Talem
1254 1198 1353 1254 autem

187 1288 271 1352 oleam
292 1289 372 1370 quod
388 1287 473 1352 Nerei
490 1287 577 1351 liliam
593 1289 705 1352 labulae
720 1290 864 1366 lecerunt,
879 1309 941 1353 non
956 1288 1050 1372 magis
1066 1289 1247 1365 mirabimur,
1263 1312 1352 1375 quana

188 1392 267 1474 quod
282 1392 384 1456 bletis
399 1391 507 1455 Oceani
523 1392 579 1455 lilia
594 1393 668 1456 lacta
682 1403 736 1456 cst.
764 1394 928 1477 Utrumque
942 1394 1067 1457 candem
1083 1394 1185 1458 babuit
1199 1394 1353 1472 rationem,

187 1497 387 1578 explicandam
408 1497 516 1560 scilicet
534 1517 570 1561 ex
590 1498 691 1561 eadem
712 1496 757 1560 illa
772 1497 971 1560 vetustissima
988 1497 1160 1578 theogonia,
1176 1498 1213 1562 de
1227 1518 1284 1581 qua
1300 1519 1352 1563 su·
1444 1566 1446 1571 ,

189 1619 241 1682 pra
261 1599 371 1663 dictum
392 1611 450 1679 est,
472 1619 547 1682 quae
566 1619 665 1663 rerum
687 1599 820 1662 omniunt
840 1599 985 1681 principia
1000 1600 1151 1682 legemque
1166 1621 1202 1665 ac
1216 1620 1353 1666 normam

188 1703 225 1764 ab
245 1722 356 1783 aquosa
377 1715 479 1766 nattrra
498 1703 672 1785 primigenia
691 1703 849 1785 repetebat.
879 1703 978 1785 ltaque
998 1713 1031 1767 ut
1045 1703 1192 1780 Oceanus,
1208 1706 1252 1769 sic
1265 1706 1354 1770 etiam·

190 1805 302 1869 Nereus
322 1805 359 1868 ab
374 1806 511 1887 (lrpbicis
532 1797 614 1892 ἀρχῆ
642 1796 801 1868 ἁπάντων
819 1805 915 1869 dictus
937 1817 997 1884 est,
1018 1815 1048 1871 et
1062 1808 1117 1871 dlia
1132 1798 1232 1894 eiuro}
1253 1802 1355 1886 θέσις

191 1903 248 1971 καὶ
275 1903 376 1997 φύσις
401 1904 459 1972 τοῦ
482 1902 608 1986 παντός
627 1928 683 1973 suo
703 1909 766 1972 iure
784 1908 885 1972 baberi
906 1910 1010 1991 potuit
1040 1912 1101 1974 lana
1121 1930 1189 1975 roro
1211 1912 1354 1994 menrad-

192 2012 313 2075 mudum
329 2011 451 2074 'literatis
468 2032 529 2075 non
545 2012 641 2075 solunt
658 2012 735 2075 illam
750 2013 902 2076 uniuersae
916 2022 1037 2077 naturae
1050 2015 1144 2096 legem
1160 2014 1354 2097 ordinemque

136 2131 170 2182 at
193 2115 292 2179 ‹anartia
312 2116 496 2199 corrrplexum
518 2117 680 2191 moderari,
701 2118 754 2180 sed
770 2136 907 2199 praeesse
921 2118 1023 2181 eadem
1039 2117 1194 2200 praecipue
1208 2118 1355 2182 humanae

191 2218 323 2282 societati
339 2220 524 2294 credebatur,
539 2220 686 2301 legesque,
701 2219 807 2301 quibua
823 2222 896 2284 baec
910 2221 1085 2295 continetur,
1101 2223 1226 2297 sancire,
1241 2232 1271 2286 et
1284 2241 1355 2288 rere

190 2320 275 2382 etiarn
296 2322 489 2384 conrrnttibns
509 2321 663 2384 herluinum
678 2331 709 2383 et
723 2321 854 2385 conciliis
869 2343 1023 2406 praeesse,
1038 2335 1071 2388 ut
1085 2333 1132 2387 est
1147 2326 1226 2407 apud
1240 2325 1354 2390 llomc·

190 2440 257 2485 runt
272 2421 327 2484 ΟιΙ.
343 2423 378 2496 ΙΙ,
395 2422 445 2496 bb,

377 2514 428 2609 ἥτ’
453 2513 586 2609 ἀνδρῶν,
603 2514 728 2606 ἀγορὰς
749 2515 830 2610 ἡμὲν
851 2519 923 2588 λύει
946 2519 1008 2611 ἠδὲ
1029 2519 1180 2607 καθίζει,

190 2627 312 2709 eiusque
326 2627 383 2691 lilia
397 2618 486 2711 ,Ιίκρ
502 2626 580 2706 apud
596 2628 726 2702 drotum,
741 2627 861 2699 Phaon..
877 2648 903 2691 r.
919 2631 987 2703 105,

579 2718 776 2814 dysrpape‘rp
800 2722 952 2813 γέροντας

379 2822 417 2915 q’e‘
438 2849 506 2891 noo
529 2820 578 2892 ela
599 2821 701 2915 ἀγορῇ
725 2821 746 2914 ἢ
768 2823 932 2916 εὐρυχόρῳ
953 2825 988 2894 ἐν
1010 2823 1110 2916 ἀγυιῇ

379 2923 565 3016 δριιοτέρας
585 2920 697 3016 ἤειδεν
717 2924 970 3014 ἐπισπέρχουσα
991 2927 1174 3014 θέμιστας,

192 3033 229 3096 ita
245 3033 316 3096 nilril
331 3033 438 3096 nrirurn
454 3052 574 3096 soreres
590 3033 704 3096 Tlrcta'dl
720 3033 801 3097 datas
817 3053 883 3096 esse
895 3028 1168 3114 Λαομέδειαι,
1186 3034 1356 3116 Poplicu·

192 3155 278 3209 rant,
304 3157 377 3218 operae
405 3137 533 3218 populos
560 3150 686 3219 regeret,
719 3147 748 3201 et
770 3129 1000 3222 Aetaydppr
1025 3146 1112 3217 atquc
1138 3127 1355 3223 Εὖαγόρηι,

194 3239 461 3322 l’opliconcianr
477 3251 506 3303 et
520 3241 734 3315 l'acurtdarn,
750 3240 961 3306 moderatrices
977 3240 1086 3304 scilicet
1100 3248 1310 3314 conventuum,
1325 3240 1354 3303 in

192 3345 299 3425 quibus
315 3344 470 3407 leontinum
485 3343 575 3407 anitati
591 3345 715 3409 dicendo
732 3347 897 3419 llectuntttr,
913 3344 1039 3426 denique
1053 3336 1355 3423 Λυσιάνασσαν,

192 3448 457 3530 llegopitularn,
478 3468 551 3530 quae
566 3448 683 3530 regibus
699 3465 733 3512 ac
748 3447 933 3531 principibus
950 3448 1143 3530 opitularetur
1157 3466 1266 3529 eosque
1281 3447 1356 3516 sule,-

192 3551 313 3614 teo-areu
326 3555 363 3624 Ι).
395 3551 454 3614 llac
473 3550 552 3614 eninr
568 3571 686 3626 omncs,
701 3552 781 3633 quod
798 3550 900 3615 Thetis
914 3561 943 3614 et
959 3549 1111 3615 Themisto
1126 3549 1158 3613 in
1173 3570 1273 3616 rerunt
1288 3549 1356 3614 uni·

192 3655 340 3727 raritate,
361 3654 437 3717 idern
458 3654 540 3738 ipsae
557 3655 588 3720 in
607 3657 737 3720 lemnam
756 3654 896 3721 societate
915 3653 1089 3719 elliciebant.
1105 3687 1147 3701 -
1161 3654 1203 3718 lic
1221 3647 1356 3720 Αὐτο-

229 4053 244 4096 q
261 3969 309 4033 llll)
328 3969 434 4024 Pansae.
447 3969 488 4038 ΙΙΙ,
501 3971 542 4039 22,
555 3973 579 4025 2.
604 3973 643 4027 Cl'.
655 3990 718 4043 qnae
731 3973 872 4026 blncllcrns
884 3971 1024 4041 disputarit
1035 3972 1067 4024 nd
1079 3971 1200 4042 desebpl.
1215 3969 1319 4025 Enrnen.
1332 3988 1357 4041 p.

197 4054 239 4105 lb,
264 4055 346 4105 uecrb‘
475 4058 481 4070 '
527 4059 533 4072 '
588 4060 601 4085 ·'
1033 4099 1039 4112 ,
1162 4096 1169 4112 ,
1231 4096 1238 4112 ,

245 4091 309 4201 ἰιι
331 4072 423 4212 ld?
424 4058 1295 4209 'titti1lt'‘:tl’§lltlt·tlt'ttlabtib„
1307 4144 1356 4197 aa

195 4233 278 4278 notum
291 4233 340 4278 est.
362 4225 420 4278 l'id.
434 4227 543 4281 lilmslci.
555 4233 587 4283 ad
600 4231 661 4283 liur.
674 4232 739 4285 bled.
753 4233 811 4286 5⁵³.
834 4232 920 4285 blonlt.
931 4235 963 4285 tul
975 4234 1072 4286 Alccrt.
1084 4247 1109 4284 ν.
1119 4230 1178 4282 titt.
1188 4255 1223 4269 -
1235 4230 1358 4282 tlemus·

194 4329 255 4378 narr,
272 4312 347 4380 epist.
364 4313 395 4364 ud
408 4312 528 4366 Crenaee.
544 4317 575 4368 dc
588 4325 662 4371 tract.
675 4321 780 4388 mythol.
792 4335 817 4388 p·
827 4318 861 4371 td
872 4313 1240 4392 ualuit.1uttrdrtrpcr,utl
1251 4316 1359 4370 anuuit

195 4404 284 4466 postca
296 4397 422 4464 indicium,
436 4396 528 4467 opusc.
540 4399 582 4464 vt,
598 4402 608 4452 l
623 4420 647 4472 p.
662 4405 719 4459 tot.
