2962 4808
607 370 671 438 23⁸

61 511 69 536 Ι

17 565 43 618 tu
63 569 159 623 autem
181 561 275 642 ipsam
290 560 410 624 Dianam
425 561 606 645 Iphigeniam
629 562 721 626 luisse
739 561 895 627 dicendum
910 567 1034 644 aelst),
1053 564 1151 648 illique
1168 563 1228 628 hue

62 683 225 744 cognomen
244 663 410 729 diutissime
423 667 502 748 apuel
517 666 747 731 llermionenses
766 666 898 731 haesisse
912 687 947 731 ex
961 667 1065 731 codem
1081 667 1226 733 Pausania

62 767 217 844 discirmrs,
237 768 389 845 11,35,·1.
419 769 494 834 iinon
514 791 548 834 ex
568 771 795 852 cognominibus
817 772 940 836 deorum
960 773 1053 836 varias
1065 781 1226 855 potestates

62 882 92 936 et
111 874 277 938 structiones
297 874 495 941 imlicautibus
519 898 717 961 quamsaepe
742 875 771 939 iu
797 874 917 940 labulari
942 875 1063 941 historia
1087 877 1227 960 propriae

63 979 205 1062 eprrneelnm
226 999 371 1064 personne
393 985 483 1046 taem
503 983 575 1060 sint,
595 982 741 1046 nemiuem
762 980 831 1055 latet
852 982 948 1065 praullo
969 981 1226 1065 peritioremllll.

64 1081 130 1150 bun
146 1086 270 1152 multum
286 1097 382 1153 rentem
398 1088 522 1155 aelreimili
538 1088 651 1155 rutinrm
665 1086 803 1178 reterriupgi
820 1105 886 1152 eum
903 1087 991 1154 llirmn
1005 1087 1129 1155 lleeuteu
1146 1090 1226 1157 ride·

62 1209 129 1262 rurus
148 1190 234 1256 etiam
254 1191 285 1257 in
300 1194 497 1277 Ephemerum
519 1195 643 1279 quadam
665 1194 758 1259 sabula
779 1194 816 1258 ab
833 1192 987 1259 Eristathiu
1008 1197 1225 1262 rnerrroratanel

63 1294 118 1358 0d.
133 1295 201 1372 xil,
216 1297 256 1360 st
272 1318 302 1380 p.
319 1299 414 1373 1714,
431 1303 486 1363 41:
515 1301 659 1375 „Dianam
673 1299 710 1362 ab
725 1298 858 1381 Epheso,
877 1298 989 1381 Caystri
1004 1298 1078 1376 silio,
1093 1300 1226 1383 bospitio

63 1410 225 1482 arreptam,
245 1401 297 1464 sed
316 1402 353 1464 ab
373 1403 437 1466 eius
456 1422 548 1467 uxore
568 1403 720 1486 expulsam
740 1423 820 1468 esse:
841 1422 932 1485 quare
950 1405 1026 1468 hanc
1045 1404 1174 1485 primum
1196 1404 1227 1468 in

62 1521 163 1565 canem
185 1512 327 1567 mutatam
348 1526 428 1580 ossea
447 1527 531 1583 mor,
552 1527 642 1590 quum
663 1526 716 1589 per
731 1507 962 1571 misericordiam
982 1507 1052 1570 deae
1071 1506 1226 1588 pristinam

63 1608 190 1669 lonnam
205 1618 420 1689 recuperasset,
441 1629 511 1691 prae
525 1611 639 1691 pudore
654 1609 750 1692 ipsam
766 1629 799 1672 se
814 1609 1020 1692 suspendisse,
1037 1630 1053 1672 a
1068 1610 1158 1674 biano
1173 1629 1227 1675 au·

63 1719 121 1771 tem
141 1711 264 1793 proprio
284 1722 389 1777 ornatu
408 1712 539 1776 indutam
556 1713 742 1792 llecatenque
760 1711 934 1793 appellatam
953 1718 1057 1775 esse.“
1099 1714 1224 1776 Causam

64 1811 177 1875 canuae
191 1815 457 1880 comminiscendae
476 1819 600 1880 tortasse
614 1833 697 1879 sacra
713 1814 855 1897 quaedam
870 1814 1067 1896 praebuerunt
1086 1805 1226 1904 Ἑκάτης

65 1903 306 2003 darnyxopra'rpg,
322 1919 572 2000 quemadmodum
588 1919 682 2002 ipsam
698 1918 819 1981 llianam
835 1908 1066 2003 ἄπαγχομέκην
1076 1919 1155 2000 apud
1171 1922 1227 1982 hr-
1275 1937 1277 1940 ’

65 2017 151 2080 cades
167 2019 272 2083 cultam
284 2042 351 2085 esse
365 2024 526 2086 Pausanias
542 2031 688 2087 rnemorat
703 2022 773 2095 l'lll,
790 2020 841 2095 23,
858 2023 949 2097 5⁴⁰),
964 2020 1060 2083 addita
1076 2021 1164 2084 simul
1175 2041 1228 2085 cx·

63 2119 217 2200 plicatione
228 2124 422 2204 cognominis,
433 2126 546 2206 qualem
559 2125 669 2187 scilicet
679 2132 862 2203 exagetarum
871 2141 995 2186 acumen
1007 2124 1228 2204 excogitaverat.

148 2222 343 2305 Proserpinae
354 2245 422 2289 eum
432 2226 538 2290 llecatc
554 2226 737 2289 confusionis
749 2225 861 2288 nullum
876 2225 954 2306 apud
966 2227 1141 2289 vetustiores
1152 2226 1228 2289 scri·

62 2334 164 2405 ptores
190 2327 390 2391 testimonium
416 2329 488 2392 satis
508 2328 651 2391 disertum
676 2339 773 2391 extare
792 2326 916 2390 ridetur.
955 2329 1082 2392 hliertur
1105 2328 1226 2411 quidem

63 2426 173 2510 Orphei
188 2449 290 2495 sersus
305 2432 342 2495 ab
357 2431 515 2515 interprete
528 2432 674 2516 Apollonii
690 2432 745 2495 lm.
761 2431 796 2494 ad
813 2429 860 2504 lll,
875 2430 951 2493 tul:

233 2528 292 2596 καὶ
313 2527 389 2598 τότε
411 2530 451 2621 dr}
469 2529 610 2621 Ἑκάτην
631 2529 714 2620 Aped
735 2527 808 2598 τέκε
829 2523 1053 2616 εὐπατέρειαν,

63 2636 141 2699 unde
161 2636 330 2719 intelligitur
348 2639 484 2721 Orplricis
502 2639 627 2702 llecaten
648 2633 761 2723 Δηοῦς
780 2637 809 2699 ln.
826 2655 851 2698 e.
871 2635 985 2701 Cereris
1010 2637 1098 2701 filiam
1125 2637 1230 2714 iuisse;
1251 2638 1255 2643 ’

64 2740 117 2802 sed
133 2750 232 2804 uurrm
252 2742 353 2805 eadem
372 2763 406 2805 ac
420 2741 599 2824 Proserpina
621 2760 658 2805 an
673 2740 788 2804 diversa
809 2739 910 2815 luerit,
929 2757 992 2802 uon
1011 2740 1110 2822 liquet.
1140 2740 1232 2805 Docet
1281 2740 1287 2757 '

66 2842 145 2906 enim
160 2862 217 2906 nos
232 2847 405 2910 scholiastes
416 2845 564 2909 Theocriti
578 2846 615 2908 ad
628 2845 662 2919 11,
678 2845 724 2919 tn,
741 2843 842 2918 luisse,
856 2843 906 2925 qui
918 2841 995 2906 illam
1007 2862 1141 2907 sororem
1153 2844 1230 2908 Pro-

66 2945 202 3029 serpinae
217 2969 284 3012 esse
299 2949 502 3030 perhiberent,
523 2957 617 3012 matre
631 2967 664 3012 ac
678 2956 762 3030 patre
777 2946 896 3024 iisdem3
911 2966 1001 3029 quam
1017 2947 1187 3030 opinionem
1204 2947 1230 3011 si

65 3048 111 3111 cui
132 3049 245 3130 plantat
259 3051 397 3132 Orphicis
419 3069 567 3126 asserere,
588 3051 706 3114 reiutari
728 3059 805 3114 certe
820 3068 882 3113 nou
897 3051 1014 3133 poten't
1044 3055 1230 3134 Quamquam

65 3150 244 3231 probabilius
260 3163 358 3216 tanuen
373 3153 508 3228 arbitror,
523 3154 576 3216 has
592 3153 662 3217 deas
677 3152 713 3215 ab
728 3151 784 3215 illis
800 3154 939 3217 contusas
955 3174 1032 3228 esse,
1047 3173 1140 3236 quum
1155 3174 1228 3238 pro·

64 3263 129 3334 pter
142 3256 289 3330 Proetum,
304 3255 501 3339 Orphicorum
514 3254 782 3328 studiosissimum,
801 3259 852 3338 qui
866 3255 1040 3320 unitatem
1055 3257 1143 3320 trium
1159 3274 1229 3338 per·

64 3377 213 3433 sonarum,
229 3359 361 3429 llecates,
376 3358 493 3431 Dianae,
509 3354 705 3438 Proserpinae
716 3365 848 3433 testatur,
864 3357 899 3420 ad
912 3358 983 3422 Plat
996 3360 1100 3442 Cratyl.
1113 3378 1143 3441 p.
1158 3357 1231 3435 112,

63 3468 126 3522 tum
138 3473 303 3544 propterea,
315 3461 394 3544 quud
406 3459 578 3525 huiusmodi
593 3458 756 3524 tlreocrasia
770 3459 969 3540 Orphicorum
985 3462 1149 3543 theologiae
1162 3480 1227 3524 ma·

63 3563 141 3626 xime
165 3565 344 3628 conveniens
367 3583 433 3627 csse
457 3565 579 3628 ridetur.
614 3563 708 3628 Etiam
734 3562 814 3644 apud
838 3563 979 3644 tragicos,
1004 3583 1096 3647 quum
1117 3563 1229 3627 Cereris

68 3664 155 3730 liliam
171 3666 297 3731 llecalen
312 3678 362 3731 aut
375 3658 522 3732 ’Prodico
536 3666 648 3742 dicunt,
663 3664 771 3748 ambigi
786 3674 894 3746 potest,
909 3675 1008 3729 utrum
1024 3666 1088 3748 ipsa
1103 3665 1228 3729 Proser·

65 3767 143 3849 pina,
158 3770 272 3834 annius
288 3787 427 3853 germana
442 3767 625 3852 intelligenda
640 3767 700 3833 sit*
712 3773 752 3847 ²).
778 3767 864 3852 hpud
879 3769 1058 3834 recentiores
1070 3787 1140 3833 uero
1155 3787 1229 3834 cou-

66 3907 361 3922 *ocu—m

136 3971 177 4036 15)
190 3971 228 4024 Ci.
242 3973 343 4026 bliiller.
356 3975 416 4027 Dor.
430 3973 440 4027 1
452 3992 476 4043 p.
486 3973 544 4026 38³.

134 4057 191 4122 15))
204 4059 242 4110 nb
254 4059 412 4129 Euphorione
425 4063 473 4130 (ap.
486 4059 596 4130 Etyrnol.
610 4059 674 4113 (ind.
686 4076 708 4112 a.
718 4075 744 4112 v.
754 4052 914 4130 Ἰφιγένεια,
926 4059 1012 4128 Etym.
1025 4058 1060 4112 11.
1073 4074 1095 4111 a.
1107 4047 1228 4128 shore)

66 4138 193 4210 iphigenia
204 4143 314 4197 lielenae
327 4145 378 4198 fllia
389 4146 456 4199 dieta
464 4153 521 4199 crat
532 4160 565 4198 ex
575 4143 683 4199 Pheneo.
703 4144 850 4200 Ponendum
863 4153 904 4198 est
914 4152 999 4198 autem
1011 4144 1132 4197 helenam
1142 4142 1229 4212 primi·

68 4233 109 4279 tun
121 4225 216 4280 Lunam
228 4229 313 4282 lubae.

135 4308 1228 4390 to)uenantupnpntnoygoprmveuucren.n1.1²eou.11,otp221uon.

134 4397 178 4466 tr)
196 4397 274 4454 Velut
290 4402 356 4470 apud
373 4401 524 4472 Euripidem,
542 4401 595 4458 lon.
611 4417 638 4457 ν.
653 4401 727 4458 1061.
743 4427 779 4445 -
794 4401 878 4457 Etim
893 4398 960 4474 apud
976 4398 1125 4472 Sophoclem
1141 4399 1227 4468 Antip
