2962 4808
616 404 818 506 ..ru

136 607 170 660 ut
191 594 341 659 domuisse
356 592 471 656 leonem
487 592 626 657 llereules
642 593 738 658 dietus
750 593 799 668 sit,
814 592 881 675 quia
892 591 1028 656 derivatis
1041 592 1124 674 aquis
1136 591 1201 655 loca
1212 589 1300 655 inun-

137 699 203 761 data
217 695 375 760 sirmorerit.

222 798 343 861 Coruino
362 809 459 861 autem
481 798 567 861 liuius
588 799 699 862 tnlrrdm
719 800 806 863 oltora
828 808 873 862 est
893 801 929 861 do
945 799 1035 881 ltpdra
1050 798 1181 861 Lernaea
1195 798 1233 860 alr
1248 819 1301 860 eo·

139 901 205 963 dem
225 901 315 963 heroo
334 899 523 982 interempta,
544 900 627 964 euius
647 901 715 964 item
736 901 895 983 theogonia
911 900 1091 974 mentionem
1108 900 1176 963 lacit
1191 919 1217 963 r.
1230 901 1302 962 316.
1362 920 1364 925 ’

95 1015 120 1066 ts
140 1002 214 1066 Naru
228 1022 370 1084 aquarum
386 1003 444 1065 ritu
459 1003 657 1084 perniciosam
673 1005 731 1067 iarn
747 1005 845 1087 ipsuru
861 995 963 1085 ὕδρας
977 1022 1087 1066 nomen
1103 1002 1217 1066 indicat.
1248 1004 1302 1065 Se·

139 1105 205 1166 dem
225 1114 322 1167 autem
343 1125 377 1167 ea
396 1104 533 1168 habuisse
551 1106 658 1169 dieitur
676 1107 707 1169 in
722 1107 795 1170 loeis
811 1104 991 1188 palustribus
1007 1106 1083 1168 circa
1098 1106 1238 1179 Lernam,
1253 1104 1302 1166 uni

139 1207 175 1268 od
191 1209 303 1269 iontem
315 1208 500 1288 llmpuonen
515 1207 602 1270 etiam
617 1209 768 1289 platanum
783 1209 931 1289 antiquam
945 1207 1159 1281 monstrabant,
1175 1206 1304 1287 subque

140 1309 186 1372 illa
207 1308 361 1382 iacuisset,
380 1309 507 1373 l'ausan.
522 1308 561 1383 ll,
576 1309 632 1384 37,
650 1311 678 1373 t.
708 1311 750 1374 lbi
765 1331 858 1392 quum
874 1311 945 1374 olirn
961 1328 1050 1372 verno
1066 1317 1200 1390 tempore
1214 1326 1304 1389 aquae

139 1433 175 1475 ex
196 1413 348 1475 montibus
364 1411 503 1494 silvisque
521 1413 698 1495 propinquis
713 1417 897 1477 eonlluerent
912 1430 1076 1493 omnesque
1091 1411 1166 1474 eitra
1182 1429 1304 1491 campos
1347 1432 1349 1436 ⁴

141 1515 330 1590 inundarent,
347 1514 570 1597 insalulrresque
585 1535 619 1579 ao
633 1517 804 1597 pestilentes
821 1519 960 1592 tacerent,
975 1514 1044 1578 huie
1058 1514 1136 1577 malo
1152 1511 1241 1594 prisci
1258 1513 1304 1574 in·

140 1618 221 1682 colae
247 1617 410 1681 merredium
435 1618 632 1681 adhibuerunt
658 1619 742 1700 allois
769 1638 822 1701 por
845 1620 943 1682 fossas
969 1615 1133 1681 derivandis
1159 1615 1306 1696 silvisque,

141 1722 220 1785 irride
233 1723 391 1797 alebantur,
407 1721 549 1797 incensis,
564 1741 653 1804 quam
669 1742 731 1786 rem
748 1722 859 1786 trrlruloe
873 1723 909 1786 ab
925 1721 1049 1784 llereule
1063 1718 1184 1802 eiusque
1199 1717 1307 1782 comite

141 1826 221 1889 lolno
241 1829 374 1888 etloetnn
394 1844 460 1888 osse
480 1824 590 1888 ‹lit-unt.
624 1828 718 1908 llttpre
738 1826 802 1909 ipsa
821 1825 994 1910 Apollodori
1013 1823 1141 1888 narratio
1160 1821 1306 1886 eiusmodi

141 1938 200 2003 est,
220 1949 294 2010 quae
310 1929 346 1990 de
360 1947 426 1990 rora
442 1927 654 2008 significatione
670 1929 782 1992 lobulae
797 1931 956 1992 admonere
972 1929 1058 1992 etiam
1075 1927 1218 1990 tardiores
1233 1943 1306 2006 pos·

144 2033 191 2094 sit.
219 2025 266 2092 ‘H
284 2025 376 2115 diripe,
393 2029 486 2111 iuquit
501 2031 548 2092 ille
564 2030 598 2103 ll,
615 2034 644 2106 5,
659 2032 688 2106 ⁶2,
708 2033 734 2106 l,
749 2026 785 2095 dr
804 2028 853 2117 epi
873 2027 932 2116 τῆς
946 2025 1077 2116 Λέρνης
1101 2024 1169 2092 ἶλαι
1192 2021 1307 2111 ἕκτρα-
1355 2071 1358 2077 ,

143 2135 245 2220 ‹peioa
267 2128 431 2216 ἐξέβαινεν
452 2125 501 2210 εἷς
521 2119 561 2197 ed
584 2128 713 2212 πεδίον,
735 2131 793 2198 καὶ
815 2131 858 2198 τὰ
879 2129 1076 2221 βοσκήματα
1095 2127 1152 2197 καὶ
1166 2129 1227 2218 τὴν
1239 2125 1307 2211 χώ-

144 2255 204 2318 ραν
226 2229 436 2322 dre'rptlarper:
459 2255 494 2299 ao
513 2238 610 2317 paullo
626 2251 709 2319 post:
729 2229 856 2314 Ἰόλαος
870 2273 913 2283 -
927 2231 1012 2319 μέγα
1032 2257 1066 2300 τι
1089 2227 1308 2319 καταπρήσας

143 2335 203 2423 ’τῆς
232 2331 326 2421 ἐγγὺς
356 2332 435 2423 ὕλης
467 2329 593 2402 ἀνιέναι
619 2333 740 2403 ἐκώλυε
764 2335 826 2416 τὰς
856 2331 1117 2424 ἀποτμηθείσας
1148 2331 1305 2425 κεφαλάς.

144 2440 217 2503 Nam
233 2441 327 2522 raprita
344 2440 458 2523 ilpdroe
473 2441 567 2505 excisa
579 2442 648 2524 quid
661 2443 738 2505 aliud
751 2450 830 2518 sunt,
847 2462 936 2524 quam
949 2461 1041 2525 oquae
1054 2440 1210 2505 derivando
1222 2458 1306 2502 roer-

143 2542 240 2607 ritae?
258 2564 332 2626 ‹puao
351 2563 390 2607 ne
403 2561 479 2606 noro
494 2564 615 2627 sernper
629 2547 808 2609 incrementa
822 2566 839 2608 e
853 2545 1047 2609 circumiectis
1063 2544 1143 2607 silvis
1159 2553 1308 2626 cuperent,
1325 2544 1328 2550 '

144 2647 196 2709 lios
216 2646 351 2710 incensos
371 2667 437 2710 esse
453 2647 657 2729 ridemus⁰⁰l.
687 2650 870 2713 Posteriores
886 2660 991 2731 poetae
1006 2656 1153 2728 aceeptam
1168 2668 1185 2708 o
1200 2647 1309 2727 priori·
1327 2653 1328 2656 ’

144 2748 200 2812 bus
225 2751 350 2813 laddum
366 2749 443 2813 sarie
463 2761 656 2829 exornarunt,
681 2753 773 2835 capita
794 2753 908 2835 Hydrae
928 2760 1147 2824 consonantes,
1169 2768 1243 2830 ‹puae
1262 2749 1309 2812 olii

146 2872 260 2930 noveru,
274 2853 320 2917 alii
335 2853 555 2935 quinquaginta,
570 2856 616 2918 alii
633 2867 752 2919 centum
769 2856 860 2919 luisse
872 2855 983 2928 dicunt,
1000 2852 1189 2934 rnediumquo
1201 2852 1309 2915 horum

145 2960 284 3019 aureuml
296 2960 333 3033 ¹),
349 2969 379 3019 ot
393 2974 531 3020 cortuum
548 2977 666 3040 «proquo
681 2960 821 3023 addentes
836 2979 852 3021 n
868 2959 979 3020 lunone
993 2954 1171 3030 immissum,
1186 2955 1236 3036 qui
1251 2973 1308 3036 pu·

146 3059 246 3141 gnanti
266 3078 333 3122 eum
348 3058 446 3140 llpdm
462 3059 576 3123 llereuli
598 3061 690 3124 coleos
706 3063 868 3135 morderet,
893 3060 922 3123 id
944 3061 1024 3142 quod
1040 3059 1154 3141 primus
1170 3058 1309 3139 Panyasis

146 3180 281 3225 tranasse
301 3160 480 3241 dietum),
499 3172 650 3246 acceptum
672 3175 769 3228 tamen
789 3167 916 3228 tortasse
931 3165 967 3227 ab
983 3160 1205 3244 antiquioribus.
1235 3160 1309 3222 Nom

147 3282 207 3326 nou
227 3264 375 3327 ‹lisoordot
396 3276 475 3329 certe
495 3286 563 3329 curn
578 3266 688 3348 reliqua
703 3267 812 3343 labda,
829 3287 884 3331 nee
899 3267 1045 3330 difficilem
1061 3265 1149 3328 habet
1163 3265 1309 3344 interpro-

148 3367 296 3430 tationem.
321 3368 455 3430 Ceterum
472 3369 625 3434 llorculern
638 3369 752 3453 Hydrae
763 3370 904 3434 rictorem
918 3370 1018 3433 multis
1030 3368 1131 3431 Solem
1147 3365 1311 3448 significare

148 3471 242 3535 risum
254 3490 393 3535 essenon
406 3473 615 3553 miramurtll.
640 3474 733 3557 Magis
745 3474 863 3550 mirum,
878 3474 958 3557 quod
971 3474 1098 3548 luerunt,
1110 3469 1161 3553 qui
1172 3466 1311 3552 Hydram,

216 3716 262 3780 66)
281 3715 374 3770 Veram
387 3717 485 3769 suboleo
498 3717 733 3785 interpretationem
745 3724 774 3769 ut
788 3715 864 3782 rulpo
883 3723 1009 3784 receptam
1021 3713 1097 3766 etium
1109 3709 1215 3764 Servius
1227 3706 1311 3777 prodit

149 3801 181 3853 ed
193 3801 269 3867 ναι-ρ.
282 3803 346 3855 Aeo.
359 3802 401 3866 l'l,
415 3803 477 3855 rste
495 3803 623 3869 „Consul
640 3803 750 3873 lipdram
767 3802 850 3854 lorum
867 3804 933 3866 (rer.
946 3802 1041 3866 loeour)
1059 3799 1138 3852 luisse
1156 3802 1312 3848 evomentem

150 3901 226 3953 oquae
238 3897 367 3942 restantes
379 3890 485 3942 rioioam
498 3890 638 3955 civitatem,
655 3888 679 3940 io
693 3905 753 3956 quo,
769 3904 820 3939 uno
833 3894 916 3939 mesto
935 3888 1035 3953 clauso,
1051 3884 1122 3938 multi
1140 3881 1312 3949 erumpebant.

151 3973 223 4040 Quod
235 3973 357 4027 dereuler
369 3976 458 4027 rideo·
477 3977 532 4027 lora
550 3977 603 4044 ipen
620 3976 721 4028 exussit
731 3983 760 4027 et
770 3976 808 4027 sie
819 3989 899 4042 aquae
911 3973 1003 4025 elausit
1016 3979 1122 4023 meatus.
1156 3966 1220 4021 Nam
1232 3965 1312 4033 hydra

118 4094 120 4098 .
151 4058 182 4111 alr
194 4075 257 4127 aqua
269 4061 335 4114 dieto
348 4064 416 4114 νεα*
440 4062 583 4130 Exseripsit
594 4061 656 4114 lineo
668 4060 795 4130 liptiopr.
808 4060 879 4113 llour.
894 4059 934 4125 111,
950 4059 989 4125 1³,
1002 4058 1027 4111 t.

114 4195 115 4198 ,
219 4146 267 4211 llll
286 4147 421 4200 Aristonis.
433 4162 473 4217 up.
485 4146 654 4200 Ptolemenoi
666 4146 745 4214 lleplr.
757 4145 840 4200 Plrotii
853 4163 877 4214 p.
887 4146 938 4197 did
951 4143 1057 4197 lloesoh.
1329 4175 1332 4180 -

220 4231 268 4298 62)
287 4233 415 4286 llratosti.
428 4234 524 4286 (latest.
536 4250 558 4286 e.
574 4232 612 4285 ll.
636 4232 727 4302 lippia.
737 4232 765 4286 P.
775 4233 806 4286 m
815 4230 846 4299 il,
855 4231 897 4285 2³.
910 4232 989 4286 eetot.
1004 4228 1122 4284 German.
1133 4227 1206 4280 llrat
1219 4242 1244 4280 r.
1256 4227 1314 4295 146,

152 4317 203 4371 rol.
215 4317 234 4370 ll
248 4336 271 4386 p.
281 4319 310 4370 51
327 4319 398 4371 nott.

220 4404 269 4470 tt)
287 4403 325 4456 ct.
337 4405 416 4456 schol.
430 4405 464 4456 tt.
476 4418 502 4455 v.
514 4404 573 4457 tlt.
595 4403 681 4457 lerum
693 4403 763 4458 Iliae.
777 4421 801 4474 p.
812 4405 871 4458 ddi.
