2962 4808
506 439 507 443 ,
617 343 820 441 ...eL

135 533 191 598 0d.
206 533 270 610 Vll,
289 532 365 609 312,
384 552 472 616 quem
488 533 636 600 llesiodus
650 555 677 598 v.
693 535 756 599 927
771 556 864 619 oqqa
880 534 994 598 lunone
1015 533 1077 596 sola
1096 531 1209 615 absque
1225 529 1302 594 loris

135 638 269 721 amplexu
285 645 471 720 procreatum
487 637 562 702 lacit.

223 742 263 805 lle
278 740 367 816 blaia,
382 740 459 804 loris
471 741 585 824 pellice,
600 741 724 806 dtlantis
740 741 812 817 lilia,
830 741 887 806 iam
903 762 993 825 supra
1008 743 1120 806 dictum
1135 751 1190 805 est.
1220 741 1304 806 llanc

137 853 170 908 ut
184 844 316 908 Mercurii
333 854 456 908 matrem
469 844 615 910 Homerus
627 845 718 908 serrrel
733 856 886 920 memorat,
902 848 957 911 0d.
969 847 1042 923 xit,
1054 847 1125 923 435,
1140 847 1192 910 sed
1203 847 1303 929 paullo

135 948 188 1011 alia
204 948 335 1012 nominis
356 950 464 1023 lorma,
483 984 526 996 -
548 942 696 1012 Μαιάδα
711 950 790 1013 enim
806 949 887 1025 dicit,
908 968 1059 1033 —nequo
1079 960 1217 1033 parentes
1238 951 1302 1014 eius

84 1068 85 1071 ’
137 1052 255 1116 indicat.
283 1052 389 1115 llaiam
411 1052 441 1115 in
457 1053 578 1116 Hesiodi
598 1054 756 1135 theogonia
776 1052 924 1135 excipiunt
943 1055 1019 1117 duae
1040 1055 1178 1118 mulieres
1198 1075 1215 1119 a
1235 1054 1303 1117 lore
1389 1094 1391 1098 -

136 1165 261 1229 amatae,
285 1155 422 1218 Semele
446 1166 475 1219 et
499 1155 679 1231 Alcmena,
703 1175 828 1238 quarum
853 1156 972 1219 alteram
992 1165 1207 1238 postmortem
1228 1158 1304 1221 inter

137 1260 209 1323 deos
226 1259 344 1323 relatam
360 1279 428 1322 esse
442 1268 527 1343 poeta
544 1268 666 1323 testatur
681 1279 707 1322 r.
723 1258 799 1333 942,
818 1257 900 1322 altori
915 1259 1041 1322 eundem
1054 1259 1202 1323 bonorem
1217 1261 1302 1324 habi·

137 1372 199 1427 tum
214 1381 281 1426 esse
301 1382 396 1446 neque
416 1363 479 1448 ipse
495 1361 617 1439 iudicat,
638 1381 734 1446 neque
753 1371 869 1443 compta
888 1363 974 1444 vulgo
995 1362 1172 1446 nqtlrologia
1193 1372 1303 1427 statue·

136 1466 206 1549 bata
223 1486 292 1531 nam
312 1467 342 1530 in
365 1468 518 1531 beatorum
540 1466 644 1532 insulis
664 1467 804 1530 collocata
829 1465 1015 1543 credebatur,
1039 1467 1207 1549 cultumque
1226 1468 1304 1550 apud

137 1570 297 1633 Thebanos
317 1589 378 1635 non
394 1570 526 1634 divinum
542 1571 595 1633 sed
611 1571 764 1633 beroicum
784 1568 985 1648 babebat't'l.
1019 1570 1102 1634 llano
1123 1570 1164 1632 ob
1184 1589 1305 1633 eausam

138 1682 249 1736 veteres
268 1674 387 1755 quidam
403 1673 495 1736 critici
510 1673 586 1735 dum
602 1672 667 1735 illos
682 1691 798 1746 versus,
818 1672 868 1754 qui
884 1671 1039 1736 Alcmenae
1058 1673 1240 1736 mentionem
1260 1674 1304 1737 la·
1325 1684 1360 1738 2⁸
1440 1745 1441 1748 Ἴ

137 1775 227 1852 ciunt,
238 1776 302 1839 943
314 1785 344 1838 ot
353 1775 428 1848 944,
446 1774 618 1838 subditicios
634 1793 701 1836 esse
713 1774 944 1852 iudicassent),
959 1774 1047 1855 idque
1059 1796 1095 1837 eo
1107 1775 1210 1856 magis,
1225 1775 1307 1858 quod

137 1879 260 1942 eandem
275 1878 311 1942 ab
326 1879 440 1952 eodem,
455 1888 489 1940 ut
503 1876 575 1959 ipsis
591 1876 750 1951 ridebatur,
766 1887 851 1960 poeta
867 1876 954 1939 etiarn
970 1878 1000 1939 in
1013 1877 1100 1939 Eoeis
1113 1890 1308 1941 memoratam

138 1982 285 2063 legebant,
305 1982 334 2044 in
355 1980 513 2061 theogonia
534 1989 631 2042 autem
651 1979 727 2042 inter
747 1980 817 2041 deas
836 1988 887 2041 aut
901 1979 1049 2042 divinitate
1064 1980 1188 2043 donatas
1205 1990 1308 2063 aptum

137 2085 164 2146 ei
183 2085 282 2148 locum
308 2103 375 2145 esse
395 2083 549 2164 negabant
584 2081 641 2144 Sed
667 2081 899 2162 praetermittere
925 2081 1099 2163 theogoniae
1121 2085 1309 2166 compositor

138 2187 307 2251 dlcmeuam
324 2193 480 2267 propterea
496 2183 599 2256 noluit,
614 2183 693 2263 quod
709 2202 779 2245 mox
795 2182 884 2245 silium
900 2183 963 2244 cius
979 2183 1145 2260 Herculem,
1160 2185 1308 2268 huiusque

139 2309 206 2353 oum
225 2290 305 2353 llebe
325 2287 443 2368 nuptias
463 2295 750 2349 commemoraturus
770 2295 844 2359 erat,
863 2305 890 2348 v.
907 2285 979 2348 959.
1000 2320 1043 2331 -
1061 2286 1198 2351 Ceterum
1219 2289 1308 2351 credo

138 2391 272 2473 equidem
284 2390 455 2454 Alcmenam
471 2407 533 2452 non
550 2390 648 2453 minus
665 2408 751 2471 quam
766 2388 901 2451 Semelen
922 2386 959 2450 ab
980 2387 1063 2450 initio
1084 2389 1167 2452 deam
1179 2390 1308 2453 habitam

139 2493 244 2568 luisse,
264 2512 298 2556 ac
314 2501 417 2574 postea
433 2492 552 2554 demum
567 2492 597 2554 in
614 2492 782 2556 inferiorem
797 2491 928 2556 beroidis
944 2490 1143 2554 conditionem
1158 2492 1309 2556 detmsam

139 2615 220 2671 osse,
241 2596 355 2677 qualem
371 2595 475 2677 capitis
487 2594 721 2657 deminutionem
742 2614 803 2657 non
822 2613 934 2677 paucos
949 2593 1214 2657 vetustissimarum
1238 2595 1309 2658 reli·

139 2697 263 2780 gionum
279 2698 353 2760 cleos
367 2697 452 2759 variis
469 2696 506 2758 de
526 2697 624 2759 causis
640 2696 767 2760 subiisse
784 2708 908 2761 constat.
935 2697 993 2758 Sed
1009 2697 1080 2759 lraec
1097 2696 1258 2780 disputatio
1272 2697 1310 2759 ab

123 2816 124 2819 ’
139 2801 278 2864 hocloco
294 2799 386 2861 aliena
409 2807 464 2859 est.
480 2831 521 2843 -
537 2796 684 2861 llomerus
700 2808 855 2880 utramque
870 2800 900 2862 in
916 2800 992 2862 louis
1007 2800 1169 2875 amoribus,
1183 2800 1309 2863 liberos·

141 2923 198 2985 que
214 2923 249 2966 ex
265 2901 300 2965 iis
316 2910 402 2964 natos
418 2900 551 2963 nominat
565 2901 597 2963 ll.
613 2900 691 2976 xlv,
709 2899 771 2964 323
787 2921 862 2982 sqq,
877 2903 1048 2965 lllcmenam
1063 2902 1149 2966 etiam
1165 2902 1234 2965 alibi
1244 2903 1309 2981 ⁸⁹),

141 3004 274 3069 Semelen
291 3013 442 3085 praeterea
457 3020 615 3084 nusquam.

228 3105 368 3185 Sequitur
382 3112 414 3166 ut
429 3103 465 3166 de
480 3102 515 3166 iis
531 3105 691 3180 rideamus,
707 3125 783 3187 «quos
800 3107 875 3170 loris
889 3107 999 3170 liberos
1014 3108 1176 3181 llomerus,
1191 3106 1311 3170 aliunde

141 3219 223 3272 ortos
240 3206 388 3269 llosiodus
400 3205 543 3288 perbibet.
573 3207 611 3269 Et
625 3207 801 3271 linntbum
818 3209 937 3291 quidem
954 3230 979 3272 s.
999 3209 1255 3274 Scamandrum
1270 3210 1309 3273 ab

140 3311 189 3374 illo
209 3311 285 3374 loris
312 3309 403 3372 lilium
424 3309 481 3372 dici
502 3309 559 3372 iam
580 3329 669 3391 supra
694 3312 1008 3387 commemoravimus,
1031 3331 1128 3395 neque
1146 3313 1183 3377 de
1205 3314 1311 3378 ceteris

141 3414 236 3478 lluviis
249 3413 373 3477 dubitari
386 3421 495 3493 potest,
511 3412 583 3494 quiu
594 3413 695 3477 eadem
708 3415 808 3497 opinio
820 3417 919 3491 luerit,
929 3415 1084 3498 pariterue
1094 3417 1130 3480 de
1141 3417 1311 3501 nymphis

143 3629 209 3637 „nn-
225 3628 278 3635 00--
293 3625 441 3634 ---————

211 3758 253 3820 87>
267 3755 404 3824 Pborccyd.
414 3754 478 3823 apud
492 3755 585 3806 daton.
599 3754 683 3806 Liber.
696 3772 718 3807 c.
729 3754 770 3821 33,
783 3771 807 3824 p.
817 3757 850 3807 44
863 3754 943 3810 lioelr.

211 3844 253 3907 SS)
266 3842 350 3894 Schol.
362 3842 394 3893 ad
407 3843 442 3893 to.
452 3841 510 3892 943.
524 3835 690 3894 ridarodrrm
704 3839 803 3911 ἐφεξῆς
816 3845 909 3910 στίχοι
920 3839 945 3911 β’
952 3882 958 3895 .
973 3839 1037 3903 τοὺς
1048 3839 1104 3915 γὰρ
1116 3842 1145 3906 ἐξ
1156 3837 1314 3916 ἀμφοτέ-

144 3945 209 4001 ρων
226 3932 315 3982 θεῶν
330 3928 506 3997 γενεαλογεῖν
521 3921 595 3995 orirqi
613 3922 768 3996 andraeam.
797 3925 932 3980 Numeralo
949 3930 1047 3995 signum
1062 3924 1093 3997 β’
1110 3931 1135 3982 in
1151 3925 1187 3984 O'
1200 3932 1309 3997 abierat,

143 4016 208 4067 undo
226 4023 285 4067 uota
302 4021 344 4066 est
359 4014 472 4080 uulgaria
489 4014 616 4081 scriptura
632 4015 724 4081 στίχοι
742 4011 833 4078 ἐννέα,
851 4030 924 4081 quam
936 4015 1025 4068 falsam
1040 4032 1103 4069 esre
1115 4025 1142 4070 et
1153 4016 1315 4070 llermaunus
1411 4013 1413 4018 ’

144 4101 241 4154 monuit
252 4102 276 4152 in
289 4100 359 4152 llier.
372 4099 451 4151 schol.
463 4114 521 4151 aun.
537 4098 601 4151 tatu
620 4115 644 4167 p.
653 4096 713 4164 926,
725 4107 753 4151 ct
764 4116 811 4165 ego
822 4100 846 4152 in
859 4101 921 4152 diso.
934 4103 966 4154 do
978 4102 1036 4156 lala.
1050 4103 1100 4156 lud.
1112 4103 1195 4157 laeua.
1206 4106 1241 4157 lb.
1253 4104 1314 4157 lles.
1408 4164 1411 4170 ⁴

144 4203 169 4256 p.
179 4186 220 4238 26.
235 4186 406 4252 Goettlinglus
418 4192 446 4237 et
457 4185 600 4253 Menenius
613 4185 687 4250 longe
699 4201 714 4237 ε
726 4201 788 4237 vero
800 4187 961 4240 obcecamur.

213 4272 256 4337 89)
269 4271 299 4324 ΙΙ.
312 4270 390 4337 xlx,
406 4270 439 4322 99
451 4285 504 4338 sqq.
529 4269 577 4322 0d.
588 4268 625 4337 ll,
639 4269 697 4321 120.
709 4269 759 4334 xl,
777 4272 837 4325 293.
857 4273 908 4327 Sed
920 4274 949 4328 ll.
962 4273 1039 4344 XlV,
1057 4277 1107 4330 323
1120 4277 1251 4330 veteribus
1262 4276 1318 4347 qai·

147 4358 251 4410 bmdam
263 4357 374 4427 spumam
387 4356 467 4409 visun
478 4370 546 4422 orer,
559 4355 608 4408 ian
619 4371 696 4425 snpra
708 4358 855 4413 monuimus.
