2962 4808
678 340 882 442 ...AL

201 534 281 597 modi
300 531 471 614 quaestione
490 529 651 606 debortari,
670 549 762 613 qurum
783 531 956 613 praesertim
972 532 1009 596 ab
1030 535 1096 616 ipso
1113 534 1286 616 theogoniae
1300 534 1361 598 lle·

200 637 315 699 siodcae
334 635 535 718 compositore
550 652 646 716 neque
661 634 755 716 apaalis
774 632 887 717 Cupido
907 636 1007 713 luerit,
1028 657 1122 721 neque
1137 641 1207 723 quid
1223 638 1360 714 effecerit,

201 760 235 802 ae
252 757 290 802 ne
309 739 386 801 unalo
407 748 492 801 ortus
511 738 628 819 quidem
649 737 701 813 sit,
721 739 910 815 edoceamur,
931 740 1028 823 sitque
1043 742 1140 806 debis
1155 743 1294 807 omnibus
1309 763 1364 827 per
1442 823 1444 827 ι

200 843 399 906 coniecturam
415 841 555 905 duntaxat
569 843 779 924 quaerendum.
807 844 942 906 Attamen
958 845 1045 908 etiam
1060 847 1238 920 coniectura,
1254 848 1279 911 si
1296 847 1362 930 opi·

200 944 289 1009 nartali
304 945 454 1009 arbitrium
470 955 498 1008 et
513 945 611 1010 levitas
626 946 737 1021 absint,
756 954 894 1028 rectaque
909 946 952 1010 ria
967 956 996 1010 et
1011 948 1123 1012 ratione
1138 952 1330 1032 procedatur,
1346 971 1362 1015 a

199 1070 268 1113 roro
284 1068 345 1113 non
361 1049 443 1112 lacile
457 1048 612 1113 aberrabit.

284 1154 418 1219 Primum
443 1153 533 1233 igitur
559 1153 626 1216 illud
653 1153 778 1217 dubitari
798 1173 859 1230 non
879 1165 993 1236 potest,
1020 1158 1099 1238 quod
1121 1176 1187 1221 euna
1208 1158 1365 1222 Aristotele

200 1279 320 1335 tatrones,
340 1257 508 1340 quicunque
527 1257 608 1320 laune
625 1256 723 1320 locum
744 1258 916 1340 attigemnt‚
937 1259 1112 1324 intellexisse
1131 1261 1278 1335 videmus,
1297 1282 1364 1324 esse

201 1363 230 1425 in
250 1361 370 1424 llesiodi
390 1361 534 1442 Cupidine
558 1361 616 1423 rim
642 1361 789 1442 quandam
814 1346 974 1427 rnorendoe
999 1365 1139 1428 materiae
1159 1364 1243 1427 etad
1263 1382 1363 1427 rerum

201 1465 420 1546 generationem
440 1464 646 1546 impellendae:
665 1467 718 1528 sed
734 1465 814 1546 qrrod
835 1465 932 1528 dirina
947 1468 1072 1548 qaaadam
1091 1485 1219 1550 persona
1235 1465 1307 1529 llaec
1321 1466 1365 1529 vis

202 1590 219 1631 a
234 1578 320 1650 poeta
335 1568 475 1642 insistitur,
490 1578 589 1631 errant
603 1568 680 1631 baud
696 1570 793 1644 dubie,
808 1570 832 1632 si
849 1571 898 1652 qui
914 1571 972 1635 boe
987 1574 1108 1652 ligurate
1123 1579 1236 1633 tantum
1251 1579 1281 1632 et
1295 1569 1364 1632 alle·

202 1671 300 1750 gorire
315 1671 425 1733 dictum
442 1669 604 1752 accipiunt,
623 1690 779 1752 seramque
795 1681 897 1753 poetae
912 1674 1088 1737 sententiam
1104 1674 1181 1736 bano
1195 1673 1286 1735 luisse
1300 1692 1365 1735 ere·

203 1773 291 1848 dunt,
311 1784 362 1836 aut
381 1782 414 1836 ut
433 1773 492 1836 rim
511 1773 590 1835 illam
607 1791 667 1835 non
683 1773 840 1835 discretam
855 1794 872 1836 a
887 1775 1007 1837 acroteria
1023 1777 1076 1838 sed
1092 1774 1161 1838 buio
1175 1773 1231 1855 ipsi
1248 1774 1365 1837 insitam

204 1876 356 1956 rogitaret,
376 1886 427 1939 aut
446 1877 603 1938 discretam
623 1875 741 1956 quidem
761 1877 797 1939 ab
817 1896 850 1939 ca
865 1896 953 1958 spatam
970 1886 1100 1940 mosem
1116 1877 1249 1950 materia,
1270 1877 1365 1958 ipsam

204 1988 301 2043 auteur
322 1980 420 2043 orraaris
440 1978 577 2041 materiae
593 1987 741 2059 expertem
758 1979 900 2061 planeque
915 1979 1135 2060 incorpoream,
1156 1978 1271 2059 qualem
1286 1980 1365 2041 Ana·

204 2101 327 2162 sagoras
342 2078 431 2144 Νοῦν
452 2099 540 2143 suum
555 2101 622 2143 esse
636 2081 735 2144 voluit
760 2081 834 2143 Nam
851 2081 879 2143 id
896 2099 988 2162 genus
1003 2082 1156 2162 allegoriae
1169 2081 1205 2143 ab
1220 2081 1366 2163 antiquis·
1405 2084 1407 2088 ’

204 2184 348 2248 siraaerrum
366 2193 517 2267 poetarum
532 2182 651 2264 ingenio
666 2183 792 2246 alienmn
810 2183 900 2245 luisse
916 2183 1072 2246 dicendum
1088 2192 1147 2256 est,
1168 2183 1218 2266 qui
1233 2186 1366 2267 prolecto

204 2308 298 2370 raeque
317 2288 507 2371 incorporeae
526 2296 646 2351 naturae
665 2286 818 2351 notionem
835 2298 1043 2370 conceperant,
1067 2305 1161 2369 neque
1175 2306 1305 2369 unapram
1322 2308 1365 2363 co,

205 2413 279 2476 ome
299 2412 359 2457 uon
380 2411 434 2474 per
453 2413 485 2455 se
505 2391 569 2474 ipsa
591 2401 743 2465 constare,
770 2393 822 2454 sed
842 2392 996 2474 qualitates
1017 2401 1131 2455 tantuna
1151 2400 1180 2453 et
1199 2391 1366 2455 affectiones

205 2517 304 2561 rerunt
328 2518 395 2560 esse
420 2494 643 2566 intellexissent,
671 2495 700 2557 iu
726 2495 848 2558 deorum
870 2514 994 2560 numero
1016 2495 1197 2577 posuissent
1227 2494 1310 2558 lianc
1329 2495 1367 2558 ob

204 2621 322 2664 eausam
343 2601 379 2664 do
399 2599 540 2682 Cupidine
560 2598 680 2660 llosiodi
701 2616 761 2660 non
783 2598 865 2661 aliter
885 2618 973 2680 quom
994 2598 1030 2660 do
1050 2597 1168 2672 ceteris,
1194 2616 1270 2678 quos
1290 2598 1366 2662 idean

168 2712 185 2762 t
205 2713 431 2777 commemorat,
449 2703 511 2766 deis
531 2702 719 2764 statuendum
739 2710 799 2776 est,
819 2702 995 2782 quibuscum
1015 2701 1102 2763 etiam
1123 2700 1187 2781 ipse
1200 2719 1268 2762 eum
1284 2720 1368 2763 com·
1441 2770 1444 2774 Α

206 2808 308 2889 poaait,
339 2801 517 2871 κάλλιστον
545 2806 646 2869 dismas
675 2795 710 2865 ἐν
743 2793 950 2866 ἀθανάτοισι
981 2802 1110 2878 θεοῖσι,
1141 2802 1170 2865 id
1202 2803 1281 2882 quod
1312 2803 1368 2867 diri

205 2929 266 2974 raon
281 2913 388 2993 potuit,
401 2911 457 2973 nisi
473 2929 550 2983 euros,
570 2907 705 2990 qararmis
720 2906 939 2987 pulchritudine
955 2905 1105 2980 eximium,
1121 2905 1188 2986 ipso
1204 2914 1301 2969 tamen
1317 2925 1369 2987 ge·

206 3032 275 3077 nere
298 3033 359 3077 non
379 3014 526 3077 diversum
546 3010 717 3088 credidit2).
748 3010 922 3073 Communis
943 3019 1041 3073 autem
1062 3010 1099 3073 do
1118 3019 1225 3072 natura
1244 3008 1368 3073 deorum

136 3186 143 3196 ,
206 3118 283 3200 apud
299 3130 412 3182 retores
428 3116 529 3199 opinio
544 3117 618 3179 bace
632 3116 699 3191 luit,
713 3122 747 3177 ut
760 3123 791 3177 et
804 3134 930 3196 corpore
944 3134 997 3177 eos
1012 3123 1041 3177 et
1054 3112 1154 3176 animo
1169 3112 1206 3176 ad
1223 3113 1368 3178 humanae

209 3273 390 3284 'nnn-..ena
397 3273 506 3284 --no—

274 3341 298 3402 2)
311 3340 391 3407 Quota
403 3342 466 3409 apud
481 3339 646 3393 Aristotelem
659 3356 704 3408 pro
713 3356 752 3404 eo,
765 3341 829 3408 qaod
841 3340 989 3406 tbeogoniae
998 3340 1098 3392 codices
1107 3338 1207 3405 babent,
1224 3329 1370 3406 ἧδ’Ἔρος,

208 3418 238 3482 iic
253 3423 398 3485 κάλλιστος
413 3425 444 3480 dr
454 3420 622 3480 ἀθανάτοισι
642 3430 750 3489 osores,
768 3426 889 3494 scriptam
905 3427 981 3479 sit—
992 3420 1023 3484 ὃς
1039 3421 1176 3478 πάταεσσι
1192 3424 1370 3495 μεταπρέπει

208 3505 388 3580 ἀθανάτοισι,
401 3515 447 3565 boc
460 3514 587 3565 nonmdlis
599 3514 685 3566 verius
699 3513 778 3564 risum
791 3522 844 3578 cst,
856 3513 946 3581 usique
958 3521 1016 3566 sunt
1028 3514 1075 3564 boc
1089 3511 1205 3580 exemplo
1221 3512 1252 3562 ad
1268 3512 1371 3561 deuson-

208 3599 347 3667 strandum,
363 3608 518 3670 quantopere
537 3610 639 3653 nostrae
658 3600 807 3665 theogoniae
823 3607 959 3652 contextos
970 3616 986 3652 a
998 3599 1080 3667 prisca
1092 3607 1119 3651 et
1130 3598 1237 3663 genuina
1255 3595 1372 3648 carminis
1462 3632 1463 3635 ,

210 3685 286 3737 laarma
301 3686 417 3738 diversus
433 3695 511 3740 osset.
538 3688 587 3738 Sed
606 3685 701 3738 rectius
720 3693 834 3737 statuunt
850 3686 898 3738 viri
916 3684 1117 3754 prudentissimi,
1134 3683 1263 3735 Bonitsius
1279 3681 1311 3731 ad
1328 3680 1372 3732 Ar.

211 3770 270 3824 blot.
283 3789 306 3840 p.
317 3772 349 3824 'll
362 3781 389 3825 et
400 3774 576 3839 Scbwcglerus
589 3790 613 3842 p.
625 3772 670 3838 38,
690 3771 853 3824 Aristotelem
869 3773 935 3824 bunc
952 3787 1053 3824 versum
1071 3787 1103 3822 cx
1116 3768 1234 3821 memoria
1248 3767 1372 3818 nonsatis

211 3859 258 3910 lida
267 3859 373 3920 citasse,
390 3861 460 3912 caius
471 3862 507 3911 rei
520 3862 594 3913 etiaur
606 3861 656 3912 alia
666 3860 690 3910 ia
703 3859 760 3910 cios
773 3857 844 3910 libris
856 3859 971 3925 exempla
988 3858 1121 3911 manifesta
1138 3863 1210 3919 sunt,
1226 3853 1299 3904 eetoa
1316 3851 1372 3904 ble-

210 3947 275 4012 tapb.
289 3943 380 4011 llllltl,
393 3947 408 3996 t
422 3947 445 3997 ia
458 3946 614 4015 Empedoclis
632 3963 709 3999 versu
728 3945 830 4012 scripsit
846 3942 875 4005 ἐξ
887 3930 927 3997 ὧν
939 3937 1026 3997 πάνθ’
1041 3937 1095 3995 ὅσα
1107 3931 1181 4009 τ’ἦν,
1193 3956 1267 4009 quum
1280 3939 1373 4006 lianpc·

210 4031 294 4082 daeles
313 4032 365 4099 ipse
381 4031 436 4084 sins
452 4033 526 4084 dubio
539 4033 687 4103 scripsisset
698 4029 729 4085 da
739 4025 846 4083 τούτων
858 4024 913 4101 γάρ
928 4057 963 4070 -
981 4030 1041 4094 (vid.
1051 4027 1170 4081 liarsten.
1180 4026 1281 4096 Eusped.
1294 4041 1320 4094 p.
1329 4024 1372 4089 96)

209 4125 237 4169 et
248 4116 333 4182 VtA),
345 4119 361 4168 5
373 4134 388 4171 e
398 4119 528 4188 Sophoclis
540 4119 637 4172 Electr.
648 4135 673 4170 v.
683 4117 733 4170 250
746 4117 841 4170 cltatur
852 4110 908 4168 eitt'
923 4111 938 4182 ἡ
950 4118 999 4182 βία
1009 4131 1047 4187 με
1058 4107 1132 4167 ταῦτ’
1145 4107 1293 4182 ἀναγκάζει
1307 4127 1373 4163 ποι·

211 4205 264 4265 air,
281 4218 326 4272 pro
343 4219 374 4255 co
390 4206 453 4274 quod
466 4205 597 4273 Sopboclis
609 4206 709 4257 codices
721 4204 826 4268 babent,
843 4195 901 4254 ἀλλ’
921 4197 936 4268 ἡ
953 4205 1002 4268 βία
1014 4196 1070 4274 γάρ
1080 4193 1154 4253 ταῦτ’
1172 4194 1321 4269 ἀναγκάζει
1335 4211 1374 4269 με

211 4287 291 4360 ἀράν.
303 4316 339 4329 -
353 4290 476 4343 Similiter
487 4291 565 4357 igitar
579 4291 734 4343 iudicandum
752 4291 803 4343 erit
814 4288 890 4342 etiarn
907 4287 938 4339 tle
950 4285 996 4340 Tb.
1007 4303 1033 4340 ν.
1046 4287 1106 4353 lib,
1119 4286 1159 4356 qai
1171 4286 1203 4337 ab
1214 4284 1295 4337 Arist.
1308 4281 1370 4335 ntea
1451 4300 1454 4305 ·

211 4375 228 4429 l.
240 4376 257 4428 l.
271 4381 298 4429 st
309 4375 386 4446 Phys.
397 4390 468 4428 ausc.
479 4374 515 4428 tv
525 4391 551 4446 p.
561 4375 620 4439 208,
629 4375 750 4430 scribitur
761 4369 878 4430 πάντων
888 4370 943 4446 μὲν
952 4366 1098 4447 πράτιστα
1105 4366 1179 4442 χάος
1190 4370 1246 4424 κτλ.
