2962 4808
137 504 279 570 momenti
295 509 412 585 estet).
439 506 655 582 Venrmtamcn.
671 531 763 595 qrrtam
780 509 853 574 alios
865 507 1009 571 llinersae
1024 505 1134 571 natales
1149 507 1180 569 in
1196 504 1304 570 talsulis

137 609 258 675 uetustis
279 630 313 674 oc
332 610 467 695 genuinis
488 613 557 679 olim
576 617 699 682 trarlitos
721 616 810 682 lauisse
830 611 967 678 nullone
988 610 1163 676 tenuissimo
1184 610 1304 695 rpuialem

137 714 260 799 rcstigio
277 716 439 799 probetur²
452 722 495 798 ¹),
515 720 650 803 equidem
666 722 827 786 llomerum
844 717 967 783 curulem
987 736 1054 781 cum
1071 715 1200 781 llesimlo
1216 716 1304 782 labu-

136 823 193 885 lam
205 820 335 887 tenuisse
345 822 479 901 arbitror,
491 845 579 907 quam
590 827 669 907 ‹puotl
682 845 830 908 nusquam
842 824 950 887 diserte
962 831 1114 895 memorat,
1126 820 1226 886 ruirari
1239 830 1303 884 tum

137 924 255 990 alomum
271 926 378 1001 liceret,
394 928 419 993 si
434 947 521 1010 qrram
538 931 721 995 memorandi
733 949 851 994 reusam
865 930 956 993 iusisse
968 929 1144 996 rideremus.
1161 949 1235 1013 quae
1249 927 1305 992 ‹le-

138 1031 297 1097 monstrari
322 1033 400 1097 nulla
426 1044 533 1116 potest
570 1034 672 1118 Neque
697 1033 956 1118 praetenuittemla
980 1045 1051 1098 sum
1067 1035 1151 1098 nerlu
1171 1033 1305 1109 lunonis,

115 1215 118 1220 Ι
138 1138 234 1201 lovem
250 1137 434 1220 alloquentis,
449 1137 480 1201 ll.
497 1139 529 1214 t,
546 1138 617 1214 880,
637 1132 715 1203 ἐπεὶ
738 1129 856 1215 αὐτὸς
877 1129 1007 1221 ἐγείναο
1028 1129 1128 1202 παῖδ’
1150 1129 1307 1224 ἀΐδηλονς

61 1241 64 1247 ’
138 1260 206 1304 nam
222 1231 323 1317 αἰνός
337 1260 399 1304 non
414 1249 522 1305 temero
536 1244 565 1305 b.
577 1242 596 1305 l.
612 1262 667 1325 pro
682 1235 782 1324 μόνος
795 1242 904 1306 «lictum
919 1242 1090 1323 accipietur,
1105 1242 1238 1324 quanuis
1254 1261 1306 1304 re-

137 1344 251 1409 teribus
277 1344 454 1426 quibusdam
480 1345 589 1408 criticis
615 1345 691 1408 lrauc
719 1345 990 1427 interpretationem
1016 1346 1213 1428 improbatam
1239 1365 1308 1408 esse

138 1447 250 1510 srlrolia
270 1447 465 1525 demumst).
499 1447 583 1511 Certo
599 1448 832 1511 coniunctiorem
853 1448 912 1510 lori
933 1447 1094 1512 llincrram
1115 1459 1144 1512 et
1163 1448 1307 1512 cariorem
1328 1465 1353 1519 a:

138 1569 226 1631 quam
241 1558 355 1612 ceteros
375 1549 448 1611 eleos
465 1569 532 1612 esse
553 1567 614 1612 non
629 1550 719 1611 semel
738 1551 815 1630 apsurl
832 1551 994 1612 llomerum
1014 1561 1148 1632 apparet,
1167 1551 1248 1614 unic
1267 1553 1309 1626 srt,

139 1662 179 1727 ut,
194 1652 220 1715 si
236 1653 355 1733 quaudo
371 1652 470 1716 miuus
485 1655 559 1716 baec
573 1653 647 1734 patri
663 1653 855 1736 obtemperet,
870 1660 951 1714 tanto
966 1653 1082 1733 aegrius
1103 1654 1131 1715 ut
1153 1654 1189 1716 ab
1207 1672 1244 1717 eo
1264 1655 1309 1716 te·

60 1791 62 1795 -
139 1763 222 1817 ratur
232 1759 243 1798 ²
254 1757 294 1831 ³).
324 1756 406 1831 Quae
420 1764 516 1818 autem
533 1755 607 1819 ratio
624 1754 671 1818 isti
687 1754 799 1817 tabulae
814 1754 926 1817 inclusa
942 1754 995 1828 sit,
1014 1764 1048 1818 ut
1063 1765 1156 1819 matre
1171 1756 1311 1819 desorata

139 1855 228 1919 tiliam
254 1856 318 1939 ipso
342 1852 492 1939 peperisse
516 1859 675 1934 (liceretur,
698 1876 760 1921 oon
785 1857 882 1939 inepte
908 1867 1020 1920 sereres
1046 1857 1191 1939 allegorici
1216 1878 1312 1941 erpo·

140 1962 336 2038 suemutss).
371 1962 428 2024 Sed
449 1961 479 2024 in
503 1962 660 2044 theogonia
684 1961 867 2025 devorandae
887 1959 1002 2023 blctirlis
1030 1980 1093 2024 non
1112 1961 1188 2026 lunc
1210 1961 1310 2027 solum

140 2082 258 2127 causam
274 2063 414 2127 babuisse
427 2063 538 2146 lupitcr
553 2065 666 2139 elicitur,

290 2159 336 2243 ὥς
358 2158 389 2231 oi
413 2162 671 2256 σνμφράσσαιτο
693 2162 761 2231 &aei
783 2156 917 2250 ἀγαθόν
937 2185 973 2229 τε
995 2160 1098 2230 κακόν
1117 2188 1163 2245 se,

211 2356 253 2419 10)
267 2355 304 2408 cl.
318 2353 429 2407 Nitsselr.
447 2355 478 2406 orl
491 2354 538 2405 Ol.
554 2351 636 2406 tomi
654 2368 678 2420 p.
692 2352 750 2404 tto.
780 2351 914 2404 llerrnaua.
931 2353 963 2405 dc
975 2352 1073 2405 Graeca
1091 2351 1206 2404 llinersu
1222 2368 1311 2420 opusc.

144 2441 189 2495 l'll
200 2459 224 2512 p.
235 2442 293 2494 111.
316 2442 419 2495 Grimm.
432 2442 559 2493 licutsclre
572 2439 679 2508 lllp'tlrol.
692 2437 702 2490 1
715 2455 737 2506 p.
747 2438 804 2490 118.

212 2528 253 2592 il)
267 2527 328 2580 Num
341 2527 460 2580 llosscse
473 2533 651 2590 commentum,
670 2527 702 2577 te
715 2524 845 2594 Corpplse,
864 2524 958 2576 (lceani
972 2524 1036 2589 lilia,
1052 2531 1080 2576 et
1091 2524 1113 2575 si
1125 2541 1188 2593 orsae
1201 2533 1261 2578 sunt
1273 2526 1310 2578 si·

143 2614 219 2680 milia,
232 2615 256 2666 iu
269 2613 432 2680 genuinamm
443 2612 582 2665 fabularum
595 2626 698 2662 numero
711 2627 759 2661 nou
773 2610 884 2661 tabenna
894 2626 951 2661 esse
963 2618 1076 2678 apparet.
1186 2667 1189 2673 ,

212 2699 254 2764 ’12)
273 2699 357 2751 Sobel.
371 2698 398 2750 B.
411 2698 440 2750 l..
454 2698 486 2749 aal
508 2697 536 2749 ll.
554 2697 572 2748 l.
590 2696 619 2747 l.:
642 2689 742 2753 αὐτὸς
764 2694 913 2764 tyrreno:
935 2696 1017 2747 τοῦτο
1034 2694 1158 2750 δέδωκεν
1174 2690 1312 2768 rigoppaipr

141 2781 268 2852 'liotorlrp
281 2780 317 2837 ris
334 2778 435 2842 αὐτὸς
450 2778 513 2836 risui
533 2783 582 2834 reri
593 2775 819 2852 pruneriensis,
836 2775 908 2853 ὅπερ
921 2779 936 2835 ὁ
950 2780 1131 2851 normiensis
1142 2784 1229 2851 οἶδεν,
1240 2781 1312 2840 ἀλλὰ

143 2871 225 2940 λέγει,
237 2865 325 2928 ἅννιῖς
336 2864 431 2936 αὐτήν,
444 2867 505 2922 tarel
519 2862 554 2919 ob
566 2861 684 2933 ἀΐδηλον
695 2859 781 2933 αὐτὴν
792 2865 949 2936 ἐγέννησας.
972 2871 1023 2922 Sesl
1036 2871 1114 2922 arbesl.
1124 2872 1155 2924 Α.
1167 2874 1198 2925 ael
1208 2889 1234 2924 r.
1247 2872 1312 2925 stt:

144 2955 276 3028 inpetum
291 2952 328 3016 ὡς
338 2954 370 3009 ἓν
380 2950 536 3028 provocanti
548 2948 619 3010 Διὸς
630 2951 783 3022 γενομένης
794 2952 841 3018 τῆς
853 2947 981 3021 Ἀθηνᾶς.
1005 2955 1044 3008 Cl.
1055 2958 1134 3009 sebol.
1147 2959 1178 3010 sal
1192 2957 1256 3022 titt,
1267 2958 1313 3011 31.

213 3041 255 3106 ’13)
269 3040 327 3094 t'tt.
339 3041 369 3093 ll.
383 3039 447 3105 vlu,
460 3039 510 3090 tus
523 3039 555 3089 el.
569 3037 628 3088 att.
651 3036 714 3089 ilinc
726 3037 802 3088 etiarn
814 3037 961 3092 dubitarunt
970 3043 1123 3106 grammatici
1136 3044 1167 3093 sle
1177 3041 1206 3094 ll.
1219 3041 1239 3107 l,
1252 3044 1313 3107 artu,

145 3127 187 3177 obi
200 3125 315 3179 bliuerva
333 3127 393 3178 olins
409 3142 465 3178 cunr
482 3124 576 3176 lunone
592 3130 619 3174 et
631 3122 747 3190 Neptuno
760 3121 844 3174 lovem
856 3125 953 3176 vincire
965 3127 1078 3178 soluisse
1093 3129 1200 3190 elicitur,
1215 3129 1315 3196 Apolli·

145 3226 250 3278 ucraque
263 3227 308 3278 pro
318 3228 348 3262 ca
362 3210 514 3262 nominatum
523 3208 674 3260 maluerunt.
699 3209 850 3275 Quanaqoanr
861 3227 909 3260 non
920 3212 982 3262 banc
991 3228 1064 3263 unam
1074 3212 1202 3264 dubitandi
1212 3229 1315 3266 causan

146 3295 225 3346 luisse
242 3295 316 3348 taetre
335 3297 455 3348 conecclo.
480 3294 518 3345 (li.
531 3291 640 3345 Lobecl.
654 3291 776 3358 Aglaoplr.
789 3308 813 3359 p.
824 3291 872 3343 ast
884 3301 936 3347 not.
948 3311 971 3346 c.
999 3295 1122 3348 Diintscr.
1137 3297 1168 3348 ale
1186 3295 1313 3351 Zeaoslot.

146 3382 212 3432 stusl.
226 3381 296 3432 llom.
310 3397 334 3447 p.
347 3380 404 3431 tut.

215 3465 256 3529 ’11)
270 3467 389 3531 Singulos
405 3465 509 3517 laudare
525 3477 737 3538 supervacaneum
751 3468 800 3512 cst
824 3462 938 3516 lies-orat
953 3471 1037 3516 autern
1056 3459 1115 3518 milri
1128 3467 1167 3518 trie
1179 3468 1251 3520 lorus
1263 3485 1318 3521 sae·

146 3551 249 3602 moriana
258 3551 428 3620 Cbrp'sippeae
443 3549 632 3618 disputationis,
645 3545 767 3599 sGaleno
777 3557 924 3617 excerptae,
943 3551 975 3602 tle
985 3551 1101 3619 llippoar.
1114 3562 1141 3605 et
1150 3554 1215 3606 Plat.
1224 3556 1317 3622 (logan,

148 3643 207 3687 tom.
221 3637 243 3690 V
256 3654 279 3704 p.
293 3637 344 3688 tto
355 3635 466 3701 liuebn.‚
478 3651 644 3702 versuumque
657 3633 825 3700 undeviginti,
844 3651 906 3701 quos
919 3636 962 3686 ille
975 3653 1021 3704 pro
1035 3639 1166 3691 llesiorleis
1179 3640 1317 3697 eluserat.

147 3724 178 3773 sle
194 3721 322 3774 lliucrrac
340 3722 475 3774 natalibus.
499 3721 551 3773 llos
568 3723 633 3774 enim
649 3736 741 3772 versus
758 3721 872 3788 plerique
885 3738 931 3790 pro
945 3723 1150 3777 manifestissimo
1163 3726 1316 3780 documento

149 3807 297 3874 babuerunt,
310 3808 383 3868 louge
396 3808 523 3859 slircrsura
532 3806 564 3859 ab
573 3824 613 3872 eo,
626 3807 691 3874 qood
705 3821 750 3857 nos
760 3806 886 3868 lraberuus,
900 3808 1049 3874 tlscogouiae
1059 3812 1198 3878 exemplum
1209 3828 1224 3864 a
1235 3814 1319 3882 Clam·-

148 3895 218 3963 sippo
236 3894 329 3945 lectura
345 3910 416 3946 esse:
433 3910 509 3957 unos,
526 3893 591 3960 quoal
608 3893 698 3956 sciara,
717 3891 875 3958 lliitsellinn,
892 3893 924 3943 ale
941 3910 988 3945 eru.
1008 3897 1092 3962 tbcog.
1106 3913 1129 3963 p.
1140 3896 1205 3961 361,
1224 3915 1273 3950 oea
1286 3915 1320 3950 ex

150 3978 291 4045 theogonia,
303 3980 348 4031 sed
361 3995 394 4031 ex
404 3980 454 4031 alio
467 3978 703 4047 quaestunculae,
716 3978 863 4043 theogoniae
879 3979 939 4031 olim
953 3981 1094 4050 subissem,
1108 3999 1154 4034 eos
1166 3984 1241 4036 citari
1255 3986 1321 4037 tutt-

150 4068 226 4133 casit,
237 4067 309 4120 cuius
321 4067 405 4119 iurliaii
417 4066 552 4118 veritatem
564 4081 611 4131 ego
624 4064 682 4116 milri
692 4064 781 4114 virlcor
792 4065 942 4117 certissimis
953 4070 1109 4133 argumentis
1122 4086 1154 4122 ex
1165 4071 1228 4138 ipsis
1238 4071 1321 4140 cup·-

151 4154 216 4221 sippi
228 4154 315 4207 verbis
327 4152 464 4220 desumptis
473 4152 659 4221 comprobasse,
671 4149 695 4202 in
708 4149 770 4200 tiss.
783 4149 814 4200 ‹lc
827 4150 884 4203 ials.
898 4152 973 4204 indie.
983 4154 1066 4208 larun.
1079 4157 1114 4208 tlr.
1127 4157 1168 4223 ll.‚
1179 4174 1239 4209 sna.
1255 4158 1321 4210 ibib

152 4239 228 4306 ealita,
241 4258 266 4308 p.
276 4240 396 4293 21-25.
407 4267 441 4278 -
456 4238 573 4291 Ceteram
585 4244 728 4306 postremos
739 4242 859 4302 quattuor
869 4253 971 4305 versas,
984 4240 1015 4292 tle
1028 4256 1134 4310 quorum
1147 4244 1323 4296 eneaslatioae

151 4326 223 4378 multi
232 4326 328 4379 trustra
340 4327 495 4393 laborsrunt,
508 4342 573 4377 narse
583 4325 620 4376 its
631 4321 799 4376 emendandos
811 4338 916 4376 eeaseo:
