2962 4808
470 1565 529 1657 nt:
546 1563 721 1660 tttuttt:
738 1562 973 1659 tttstduut.

221 1851 393 1949 Theogonia
416 1867 559 1931 Hesiodea
580 1887 671 1951 quum
692 1868 721 1933 in
742 1879 906 1933 reteromm
931 1865 1054 1930 deerunt
1081 1885 1296 1929 cotttruetttoro·
1321 1870 1339 1924 ³

137 1970 216 2033 tione
228 1970 299 2033 nihii
317 1972 377 2033 tere
388 1971 444 2033 nisi
457 1982 555 2034 ortum
568 1972 721 2054 cuiusque,
736 1983 883 2055 parentes,
900 1970 1043 2050 coniugia,
1058 1968 1167 2032 liberos
1178 1968 1304 2032 bnn‘iter

81 2063 83 2066 ’
138 2072 277 2145 imiimre,
296 2092 397 2135 carum
412 2083 510 2136 nutem
526 2093 641 2149 rerum,
662 2094 735 2157 quae
750 2074 785 2136 ad
807 2073 978 2154 religionem
993 2072 1163 2152 uultumque.
1177 2072 1303 2135 doronem

137 2176 257 2257 proprie
277 2177 439 2258 pertinent,
460 2196 547 2258 quam
568 2177 692 2257 quisque
712 2186 886 2258 potestatem
907 2185 1051 2248 exerceat,
1076 2174 1183 2255 quibus
1205 2174 1303 2237 modis

137 2279 268 2341 huurrano
284 2279 382 2360 generi
399 2279 564 2360 provideat,
584 2298 637 2341 cur
651 2280 750 2341 honor
764 2278 790 2341 ei
806 2299 840 2340 ac
852 2277 998 2340 ueneratio
1013 2277 1170 2351 debeatur,
1192 2277 1302 2340 nulium

138 2381 223 2462 piane
234 2381 414 2443 mentionem
431 2384 524 2444 iacere
539 2380 624 2443 solita
639 2381 687 2454 sit,
703 2379 740 2443 ab
754 2381 813 2442 hoc
827 2398 911 2442 more
926 2378 956 2440 iu
972 2398 1029 2441 una
1045 2378 1091 2441 iiia
1106 2389 1189 2461 parte
1204 2379 1302 2442 desci-

91 2506 95 2512 ’
137 2483 202 2557 scit,
218 2502 294 2564 quae
308 2493 355 2546 est
368 2483 404 2545 de
419 2483 540 2556 ilcoate,
558 2504 584 2546 u.
597 2484 788 2557 ott-452,
805 2483 888 2545 cuins
903 2482 972 2544 dene
987 2499 1097 2545 numen
1112 2501 1147 2545 ac
1161 2481 1302 2545 &noticia

139 2597 198 2649 mm
213 2586 312 2650 multis
328 2585 423 2648 uerbis
439 2584 634 2662 celebrantur,
654 2597 685 2649 ut
705 2584 853 2648 nonnullis
869 2585 917 2647 tric
931 2585 1014 2647 locus
1031 2585 1160 2666 dopmnus
1176 2606 1243 2647 csse.
1256 2586 1302 2648 si·

138 2709 189 2752 sus
205 2690 243 2752 sit
258 2689 295 2751 ab
310 2689 406 2771 aliquo
422 2688 638 2768 interpolatore,
654 2688 808 2770 Orphirae,
823 2697 856 2750 ut
870 2687 960 2760 aiunt,
977 2687 1137 2768 theologiae
1148 2697 1304 2761 sectatore,

137 2792 166 2853 iu
183 2792 371 2872 theogeniam
387 2790 526 2852 insertus.
552 2791 583 2852 td
599 2809 687 2871 quam
704 2788 781 2852 reete
796 2788 982 2862 crediderint,
996 2789 1145 2852 diiudicari
1161 2802 1228 2853 ante
1240 2809 1302 2853 mm

137 2895 259 2976 poterit,
277 2912 364 2975 quam
385 2892 421 2953 do
441 2892 521 2953 omni
543 2892 719 2971 theogoniae
739 2891 955 2973 compositione
970 2901 999 2953 et
1010 2910 1097 2973 quam
1115 2893 1144 2954 in
1160 2912 1192 2955 ea
1208 2893 1301 2974 legem

137 2997 322 3079 compositor
341 3004 482 3076 sequutus
502 2994 554 3069 sit,
572 3005 651 3056 certa
666 2995 808 3075 quaedam
821 2995 964 3058 sententia
985 2995 1099 3058 idoneis
1119 2995 1302 3076 argumentis

137 3102 258 3164 mutim
275 3099 372 3173 tuerit,
392 3097 420 3160 id
442 3099 521 3178 quood
542 3097 606 3160 lieet
625 3118 685 3161 nou
706 3098 899 3180 desperemus
921 3098 982 3160 deri
1004 3117 1107 3179 posse,
1123 3099 1182 3161 hoc
1201 3110 1301 3162 tamen

138 3217 270 3286 temporo
289 3213 318 3265 et
337 3202 410 3264 intra
431 3201 519 3264 huius
540 3202 722 3265 arondemieoe
742 3202 910 3284 scriptionis
925 3200 1075 3283 angustias
1091 3201 1166 3264 edici
1181 3222 1197 3263 a
1213 3202 1302 3264 nobis

137 3327 197 3372 non
213 3315 319 3390 potest.
354 3306 406 3367 Est
420 3305 497 3367 enim
519 3323 567 3367 res
586 3305 729 3386 longioris
749 3305 958 3386 disputationis
979 3312 1008 3366 et
1026 3322 1100 3386 egone
1114 3305 1302 3369 accuratissi-

138 3430 220 3474 munr
241 3409 419 3491 singularum
441 3408 568 3488 portium
589 3427 711 3471 eramen
731 3419 817 3488 atque
836 3408 1013 3471 intellectum
1034 3418 1147 3489 poseat.
1181 3408 1302 3471 interint

136 3513 275 3597 quoniam
291 3512 335 3575 ida
347 3511 469 3574 dieentes
485 3511 660 3593 praedicatio
674 3512 747 3574 sotis
763 3531 817 3594 per
832 3533 863 3573 se
878 3511 943 3593 ipse
956 3510 1153 3574 memorabilis
1168 3529 1225 3575 nec
1239 3532 1304 3574 nte·

136 3617 276 3679 diocritor
300 3615 337 3678 nit
356 3615 413 3687 eis,
440 3635 514 3695 quac
533 3614 598 3677 alibi
619 3615 655 3677 do
673 3615 775 3677 eadem
796 3615 849 3677 dea
870 3624 1086 3689 rurenuorantur,
1111 3615 1228 3678 diuersa
1246 3627 1304 3687 est,

139 3739 246 3800 operae
268 3717 393 3800 pretium
410 3717 477 3789 erit,
498 3717 569 3779 draeo
583 3735 662 3779 nunc
676 3717 773 3799 potdlo
789 3717 953 3781 accuratius
973 3717 1111 3800 persequi
1130 3728 1161 3781 et
1179 3718 1257 3783 inter
1270 3740 1305 3782 se

138 3839 325 3902 comparare,
352 3819 430 3882 unde
449 3819 581 3881 nonnihil
601 3821 727 3882 fortusse
747 3820 820 3882 ducis
840 3820 927 3881 etiarn
947 3820 976 3882 in
997 3820 1088 3893 iilam,
1113 3840 1203 3902 quam
1222 3840 1306 3885 nuno

139 3923 312 3994 differimus,
327 3922 556 4004 disputationem
571 3923 737 3984 redundare
752 3942 807 3984 suo
820 3932 955 4004 tempore
969 3923 1088 4005 poterit

223 4027 318 4088 Coeus
334 4025 422 4106 igitur
436 4033 466 4086 et
479 4023 606 4097 Phoebe,
622 4025 671 4106 qui
688 4035 772 4088 erant
785 4044 820 4087 ex
835 4024 973 4088 Titanum
988 4044 1125 4101 nurnero,
1139 4025 1215 4090 duas
1230 4028 1305 4091 filias

140 4128 277 4210 genuisse
292 4128 444 4199 dicuntur,
459 4127 601 4189 Latonam
613 4137 644 4189 et
656 4127 814 4201 deteriam,
828 4147 854 4189 u.
866 4130 929 4192 ddi
946 4148 1025 4211 sqq„
1042 4148 1168 4210 quarum
1183 4132 1305 4195 alteram

138 4231 275 4293 hocloco
290 4239 379 4313 poeta
400 4227 538 4310 epithetis
553 4237 667 4292 tantum
682 4231 794 4312 atiquot
813 4232 986 4295 honorificis
1004 4233 1211 4315 prosequitur,
1232 4235 1306 4297 alte·

138 4351 203 4397 rem
218 4343 316 4398 numm
330 4340 428 4397 nanat
439 4330 548 4394 Persae
562 4331 711 4414 nupsisse,
726 4331 795 4397 Coei
809 4343 840 4398 et
849 4334 994 4418 nuptiae
1008 4334 1079 4411 utic,
1094 4356 1130 4400 ex
1140 4355 1236 4421 eoque
1246 4337 1307 4400 Hs·
